@ARTICLE{Smit05,
  AUTHOR =       "Smith, G. P and Treu, T. and Ellis, R. S and et al",
  TITLE =        "Evolution since z = 1 of the Morphology-Density Relation for Galaxies",
  JOURNAL =      "ApJ.",
  PAGES =         "78",
  VOLUME =       "620",
  YEAR =         "2005",
}

@BOOK{BEZOS02,
  AUTHOR =       "J. Bezos",
  FULLAUTHOR =   "Javier Bezos",
  TITLE =        "The titlesec and titletoc Packages",
  MONTH =        "March",
  YEAR =         "2002",
}

@ARTICLE{ELIDRISSI94,
  AUTHOR =       "Elidrissi, M.C. and Roney, A. and Frigon, C. and et al",
  TITLE =        "Measurements of total kinetic-energy released to the {N=2}
  dissociation limit of {H}$_2$ - evidence of the dissociation of very high vibrational
  {R}ydberg states of {H}$_2$ by doubly-excited states",
  JOURNAL =      "Chem. Phys. Lett.",
  PAGES =         "260-266",
  VOLUME =       "224",
  YEAR =         "1994",
}

@ARTICLE{MELLINGER96,
  AUTHOR =       "Mellinger, A. and Vidal, C.R. and Jungen, Ch.",
  TITLE =        "Laser reduced fluorescence study of the carbon-monoxide nd triplet
  {R}ydberg series - experimental results and multichannel quantum-defect analysis",
  JOURNAL =      "J. Chem. Phys.",
  PAGES =         "8913-8921",
  VOLUME =       "104",
  YEAR =         "1996",
}

@BOOK{OOSTRUM01,
  AUTHOR =       "{P. Oostrum, ifuleyou@bbs.ctex.org~译}",
  FULLAUTHOR =   "Piet van Oostrum",
  TITLE =        "{\LaTeX}下的页面布局",
  MONTH =        "August",
  YEAR =         "2001",
}

@ARTICLE{SHELL02,
  AUTHOR =       "Michael Shell",
  TITLE =        "How to Use the {IEEEtran \LaTeX} Class",
  JOURNAL =      "Journal of {\LaTeX} Class Files",
  VOLUME =       "1",
  NUMBER =       "11",
  MONTH =        "November",
  YEAR =         "2002",
}

@BOOK{TEXGURU99,
  AUTHOR =       "{\TeX}Guru",
  TITLE =        "{\LaTeX 2$\varepsilon$}用户手册",
  YEAR =         "1999",
}

@BOOK{WANG00,
  AUTHOR =       "{K. Reckdahl~原著, 王磊~译}",
  FULLAUTHOR =   "Keith Reckdahl, 王磊~译",
  TITLE =        "Using Import graphics in {\LaTeX 2$\varepsilon$}, {\LaTeX 2$\varepsilon$}插图指南",
  YEAR =         "2000",
}
%%%%%%%%%%%%%%%%%%%
%%%%%%%%%%%%%%%%%
@ARTICLE{Qin00,
   author = {{Qin}, Y. P and {Xie}, G. Z and {Xue}, S. J and et al.
    },
    title = "{The Hardness-Duration Correlation in the
Two Classes of Gamma-Ray Bursts}",
  journal = {Publications of the Astronomical Society of
Japan},
     year = 2000,
   volume = 52,
    pages = {759},
}

@ARTICLE{Frai01,
   author = {{Frail}, D. A and {Kulkarni}, S. R and {Sari}, R. and et al.
    },
    title = "{Beaming in Gamma-Ray Bursts: Evidence for a Standard Energy Reservoir}",
  journal = {ApJ},
     year = 2001,
   volume = 562,
    pages = {L55},
}

@ARTICLE{Bloo03,
   author = {{Bloom}, J. S and {Frail}, D. A and {Kulkarni}, S. R. and et al.
    },
    title = "{Gamma-Ray Burst Energetics
and the Gamma-Ray Burst Hubble Diagram: Promises and Limitations}",
  journal = {ApJ},
     year = 2003,
   volume = 594,
    pages = {674},
}

@ARTICLE{Band93,
   author = {{Band}, D. L and {Matteson}, J and {Ford}, L. and et al.
    },
    title = "{BATSE observations of gamma-ray burst
spectra. I - Spectral diversity}",
  journal = {ApJ},
     year = 1993,
   volume = 413,
    pages = {281},
}

@ARTICLE{Brig99,
   author = {{Briggs}, M. S and {Band}, D. L and {Kippen}, R. M and et al.
    },
    title = "{Observations of GRB 990123 by the Compton Gamma Ray Observatory}",
  journal = {ApJ},
     year = 1999,
   volume = 524,
    pages = {82},
}

@ARTICLE{Pree00,
   author = {{Preece}, R. D and {Briggs}, M. S and {Mallozzi}, R. S. and et al.
    },
    title = "{The BATSE Gamma-Ray Burst Spectral Catalog. I.
High Time Resolution Spectroscopy of Bright Bursts Using High Energy
Resolution Data}",
  journal = {ApJS},
     year = 2000,
   volume = 126,
    pages = {19},
}

@ARTICLE{Nous06,
   author = {{Nousek}, J. A and {Kouveliotou}, C. and {Grupe}, D. and et al.
    },
    title = "{Evidence for a Canonical Gamma-
Ray Burst Afterglow Light Curve in the Swift XRT Data}",
  journal = {ApJ},
     year = 2006,
   volume = 642,
    pages = {389},
}

@ARTICLE{Zhan06,
   author = {{Zhang}, B. and {Fan}, Y. Z and {Dyks}, J. and et al.
    },
    title = "{Physical Processes Shaping Gamma-Ray
Burst X-Ray Afterglow Light Curves: Theoretical Implications from the Swift X-
Ray Telescope Observations}",
  journal = {ApJ},
     year = 2006,
   volume = 642,
    pages = {354},
}

@ARTICLE{Obri06,
   author = {{O'brien}, P. T and {Willingale}, R. and {Osborne}, J. and et al.
    },
    title = "{The Early X-Ray Emission from
GRBs}",
  journal = {ApJ},
     year = 2006,
   volume = 647,
    pages = {1213},
}

@ARTICLE{Fein96,
   author = {{Fenimore}, E. E and {Madras}, C. D and {Nayakshin}, S.
    },
    title = "{Expanding Relativistic Shells and Gamma-Ray Burst Temporal Structure}",
  journal = {ApJ},
     year = 1996,
   volume = 473,
    pages = {998},
}

@ARTICLE{Derm04,
   author = {{Dermer}, C. D
    },
    title = "{Curvature Effects in Gamma-Ray Burst Colliding Shells}",
  journal = {ApJ},
     year = 2004,
   volume = 614,
    pages = {284},
}

@ARTICLE{Mesz97,
   author = {{M\'{e}sz\'{a}ros}, P. and {Rees}, M. J
    },
    title = "{Optical and Long-Wavelength Afterglow from Gamma-
Ray Bursts}",
  journal = {ApJ},
     year = 1997,
   volume = 476,
    pages = {232},
}

@ARTICLE{Sari98,
   author = {{Sari}, R. E and {Piran}, T and {Narayan}, R
    },
    title = "{Spectra and Light Curves of Gamma-Ray
Burst Afterglows}",
  journal = {ApJ},
     year = 1998,
   volume = 497,
    pages = {L17},
}

@ARTICLE{Falc06,
   author = {{Falcone}, A. D and {Burrows}, D. N and {Lazzati}, D. and et al.
    },
    title = "{The Giant X-Ray Flare of GRB 050502B: Evidence for Late-Time Internal Engine Activity}",
  journal = {ApJ},
     year = 2006,
   volume = 641,
    pages = {1010},
}

@ARTICLE{Camp06,
   author = {{Campana}, S and {Tagliaferri}, G and {Lazzati}, D. and et al.
    },
    title = "{The X-ray afterglow of the short gamma ray burst 050724}",
  journal = {A\&A},
     year = 2006,
   volume = 454,
    pages = {113},
}

@ARTICLE{Burr05b,
   author = {{Burrows}, D. N and {Romano}, P and {Falcone}, A. and et al.
    },
    title = "{Bright X-ray flares in γ-ray burst afterglows}",
  journal = {Science},
     year = 2005,
   volume = 309,
    pages = {1833},
}

@ARTICLE{Fan05,
   author = {{Fan}, Y. Z and {Wei}, D. M
    },
    title = "{Late internal-shock model for bright X-ray flares in γ-ray burst afterglows and GRB 011121}",
  journal = {MNRAS},
     year = 2005,
   volume = 364,
    pages = {L42},
}

@ARTICLE{Lian06,
   author = {{Liang}, E. W and {Zhang}, B and {O’Brien}, P. and et al.
    },
    title = "{Testing the curvature effect and internal origin of γ-ray burst prompt emissions and X-ray flares with Swift data}",
  journal = {ApJ},
     year = 2006,
   volume = 646,
    pages = {351},
}

@ARTICLE{ZhanM01,
   author = {{Zhang}, B and {M\'{e}sz\'{a}ros}, P.
    },
    title = "{Gamma-ray burst afterglow with continous energy injection: signature of a highly-magnetized millisecond pulsar}",
  journal = {ApJ},
     year = 2001,
   volume = 552,
    pages = {35},
}

@ARTICLE{DaiL98,
   author = {{Dai}, Z. G and {Lu}, T.
    },
    title = "{Gamma-ray bursts and afterglows from rotating strange stars and neutron stars}",
  journal = {Phys. Rev. Lett.},
     year = 1998,
   volume = 81,
    pages = {4301},
}

@ARTICLE{MW01,
   author = {{MacFadyen}, A. I and {Woosley}, S. E and {Heger}, A.
    },
    title = "{Supernovae, jets, and collapsars}",
  journal = {ApJ},
     year = 2001,
   volume = 550,
    pages = {410},
}

@ARTICLE{LiangZZ07,
   author = {{Liang}, E. W and {Zhang}, B. B and {Zhang}, B.
    },
    title = "{A Comprehensive Analysis of Swift XRT Data. II. Diverse Physical Origins of the Shallow Decay Segment}",
  journal = {ApJ},
     year = 2007,
   volume = 670,
    pages = {565},
}

@ARTICLE{Hewish68,
   author = {{Hewish}, A. and et al.
    },
    title = "{Observation of a Rapidly Pulsating Radio Source}",
  journal = {Nature},
     year = 1968,
   volume = 217,
    pages = {709},
}

@ARTICLE{IK69,
   author = {{Ivanenko}, D. and {Kurdgelaidze}, D. F
    },
    title = "{Remarks on quark stars}",
  journal = {Lett. Nuovo Cimento.},
     year = 1969,
   volume = 2,
    pages = {13},
}

@ARTICLE{Itoh70,
   author = {{Itoh}, N.
    },
    title = "{Hydrostatic Equilibrium of Hypothetical Quark Stars}",
  journal = {Progress of Theoretical Physics},
     year = 1970,
   volume = 44,
    pages = {291},
}

@ARTICLE{Witten84,
   author = {{Witten}, E.
    },
    title = "{Cosmic separation of phases}",
  journal = {Phys. Rev. D},
     year = 1984,
   volume = 30,
    pages = {272},
}

@ARTICLE{Olinto87,
   author = {{Olinto}, A. V
    },
    title = "{On the conversion of neutron stars into strange stars}",
  journal = {Phys. Lett. B},
     year = 1987,
   volume = 192,
    pages = {71},
}

@ARTICLE{Xu03,
   author = {{Xu}, R. X
    },
    title = "{Solid Quark Stars?}",
  journal = {ApJ},
     year = 2003,
   volume = 596,
    pages = {59},
}

@ARTICLE{Shuryak09,
   author = {{Shuryak}, E. V
    },
    title = "{Physics of strongly coupled quark gluon plasma}",
  journal = {Prog. Part Nucl. Phys.},
     year = 2009,
   volume = 62,
    pages = {48},
}

@ARTICLE{Xu09,
   author = {{Xu}, R. X
    },
    title = "{Strange quark stars: observations and speculations}",
  journal = {J. Phys. G.},
     year = 2009,
   volume = 36,
    pages = {064010},
}

@ARTICLE{Lai09,
   author = {{Lai}, X. Y and {Xu}, R. X
    },
    title = "{Lennard-Jones quark matter and massive quark stars}",
  journal = {MNRAS},
     year = 2009,
   volume = 398,
    pages = {31},
}

@ARTICLE{Lindemann10,
   author = {{Lindemann}, F. A
    },
    title = "{The calculation of molecular vibration frequencies}",
  journal = {Physik. Z},
     year = 1910,
   volume = 11,
    pages = {609},
}

@ARTICLE{Moha87,
   author = {{Mohazzabi}, P. and {Behroozi}, F.
    },
    title = "{The Lindemann law of melting for rare gas solids}",
  journal = {Journal of Materials Science Letters},
     year = 1987,
   volume = 6,
    pages = {404},
}

@ARTICLE{DeWitt01,
   author = {{DeWitt}, H. and et al.
    },
    title = "{Harmonic Lattice Theory of Coulomb Solids and Comparison with Monte Carlo Simulations}",
  journal = {Contrib. Plasma Phys.},
     year = 2001,
   volume = 41,
    pages = {251},
}

@ARTICLE{Horowitz07,
   author = {{Horowitz}, C. J and et al.
    },
    title = "{Phase separation in the crust of accreting neutron stars}",
  journal = {Physical Review E},
     year = 2007,
   volume = 75,
    pages = {066101},
}

@ARTICLE{Piran99,
   author = {{Piran}, T.
    },
    title = "{Gamma-ray bursts and the fireball model}",
  journal = {Physics Reports},
     year = 1999,
   volume = 314,
    pages = {575},
}

@ARTICLE{Zhang02,
   author = {{Zhang}, B and {M\'{e}sz\'{a}ros}, P.
    },
    title = "{Gamma-Ray Bursts with Continuous Energy Injection and Their Afterglow Signature}",
  journal = {ApJ},
     year = 2002,
   volume = 566,
    pages = {712},
}

@ARTICLE{Xu08,
   author = {{Xu}, R. X
    },
    title = "{Astro-Quark Matter: a Challenge Facing Astroparticle Physics}",
  journal = {Modern Physics Letters A},
     year = 2008,
   volume = 23,
    pages = {1629},
}

@ARTICLE{Xu02,
   author = {{Xu}, R. X
    },
    title = "{A Thermal Featureless Spectrum: Evidence for Bare Strange Stars?}",
  journal = {ApJ},
     year = 2002,
   volume = 570,
    pages = {65},
}

@ARTICLE{Paczy86,
   author = {{Paczy\'{n}ski}, B.
    },
    title = "{Gravitational microlensing by the galactic halo}",
  journal = {ApJ},
     year = 1986,
   volume = 304,
    pages = {1},
}

@ARTICLE{Hansen97,
   author = {{Hansen}, Brad M. S and {Phinney}, E. S
    },
    title = "{The pulsar kick velocity distribution}",
  journal = {MNRAS},
     year = 1997,
   volume = 291,
    pages = {569},
}

@ARTICLE{Hartman97,
   author = {{Hartman}, J. W and et al.
    },
    title = "{A study of the evolution of radio pulsars through improved population synthesis}",
  journal = {Astronomy and Astrophysics},
     year = 1997,
   volume = 322,
    pages = {477},
}

@ARTICLE{Lyne98,
   author = {{Lyne}, A. G and et al.
    },
    title = "{The Parkes Southern Pulsar Survey - II. Final results and population analysis}",
  journal = {MNRAS},
     year = 1998,
   volume = 295,
    pages = {743},
}

@ARTICLE{Smits09,
   author = {{Smits}, R. and et al.
    },
    title = "{Pulsar science with the Five hundred metre Aperture Spherical Telescope}",
  journal = {Astronomy and Astrophysics},
     year = 2009,
   volume = 505,
    pages = {919},
}

@ARTICLE{Udalski02,
   author = {{Udalski}, A. and et al.
    },
    title = "{The Optical Gravitational Lensing Experiment. BVI Maps of Dense Stellar Regions. III. The Galactic Bulge}",
  journal = {Acta Astronomica.},
     year = 2002,
   volume = 52,
    pages = {217},
}

%\bibitem[]{} Thompson D. J., 2003, in: Cosmic Gamma Ray Sources, eds K. S. Cheng
%\& G. E. Romero, Kluwer ASSL Series (astro-ph/0312272)
