@ARTICLE{Weber,
	   author = {{Weber}, F.},
   title = "{Strange quark matter and compact stars}",
	   journal = {Progress in Particle and Nuclear Physics},
		    eprint = {astro-ph/0407155},
     year = 2005,
   month = mar,
   volume = 54,
    pages = {193-288},
     doi = {10.1016/j.ppnp.2004.07.001},
  adsurl = {http://adsabs.harvard.edu/abs/2005PrPNP..54..193W},
  adsnote = {Provided by the SAO/NASA Astrophysics Data System}
}

@ARTICLE{Xu10,
	   author = {{Xu}, R.},
     title = "{Can Cold Quark Matter BE Solid?}",
	   journal = {International Journal of Modern Physics D},
		 archivePrefix = "arXiv",
	    eprint = {1002.4469},
		 primaryClass = "astro-ph.HE",
		  keywords = {Dense matter, pulsars, elementary particles},
	     year = 2010,
	    volume = 19,
	    pages = {1437-1446},
     doi = {10.1142/S0218271810017767},
	   adsurl = {http://adsabs.harvard.edu/abs/2010IJMPD..19.1437X},
	   adsnote = {Provided by the SAO/NASA Astrophysics Data System}
}

@ARTICLE{Anton,
	   author = {{Antoniadis}, J. and {Freire}, P.~C.~C. and {Wex}, N. and {Tauris}, T.~M. and 
				{Lynch}, R.~S. and {van Kerkwijk}, M.~H. and {Kramer}, M. and 
				{Bassa}, C. and {Dhillon}, V.~S. and {Driebe}, T. and {Hessels}, J.~W.~T. and 
				{Kaspi}, V.~M. and {Kondratiev}, V.~I. and {Langer}, N. and 
			{Marsh}, T.~R. and {McLaughlin}, M.~A. and {Pennucci}, T.~T. and 
				{Ransom}, S.~M. and {Stairs}, I.~H. and {van Leeuwen}, J. and 
				{Verbiest}, J.~P.~W. and {Whelan}, D.~G.},
		     title = "{A Massive Pulsar in a Compact Relativistic Binary}",
		   journal = {Science},
			 archivePrefix = "arXiv",
		    eprint = {1304.6875},
			 primaryClass = "astro-ph.HE",
			  keywords = {Pulsars, Neutron Stars, General relativity,  Tests of General relativity, Gravitational Radiation,  Stellar evolution},
	     year = 2013,
	     month = apr,
	    volume = 340,
		    pages = {448},
	      doi = {10.1126/science.1233232},
		   adsurl = {http://adsabs.harvard.edu/abs/2013Sci...340..448A},
		   adsnote = {Provided by the SAO/NASA Astrophysics Data System}
}

@ARTICLE{Demorest,
	   author = {{Demorest}, P.~B. and {Pennucci}, T. and {Ransom}, S.~M. and 
				{Roberts}, M.~S.~E. and {Hessels}, J.~W.~T.},
		     title = "{A two-solar-mass neutron star measured using Shapiro delay}",
			   journal = {\nat},
			 archivePrefix = "arXiv",
		    eprint = {1010.5788},
				 primaryClass = "astro-ph.HE",
		    year = 2010,
		    month = oct,
			   volume = 467,
		    pages = {1081-1083},
		    doi = {10.1038/nature09466},
		  adsurl = {http://adsabs.harvard.edu/abs/2010Natur.467.1081D},
		  adsnote = {Provided by the SAO/NASA Astrophysics Data System}
}

@ARTICLE{Ozel2010,
	   author = {{\"O}zel, F. and {Psaltis}, D. and {Ransom}, S. and {Demorest}, P. and 
				{Alford}, M.},
		     title = "{The Massive Pulsar PSR J1614-2230: Linking Quantum Chromodynamics, Gamma-ray Bursts, and Gravitational Wave Astronomy}",
		   journal = {\apjl},
			 archivePrefix = "arXiv",
		  eprint = {1010.5790},
		 primaryClass = "astro-ph.HE",
		  keywords = {gamma-ray burst: general, pulsars: individual: PSR J1614{\ndash}2230, stars: neutron},
		    year = 2010,
		     month = dec,
		   volume = 724,
		    pages = {L199-L202},
		   doi = {10.1088/2041-8205/724/2/L199},
		 adsurl = {http://adsabs.harvard.edu/abs/2010ApJ...724L.199O},
		 adsnote = {Provided by the SAO/NASA Astrophysics Data System}
}

@ARTICLE{Lai2011,
	   author = {{Lai}, X.-Y. and {Xu}, R.-X.},
		   title = "{A note on the discovery of a 2M$_{odot}$ pulsar}",
		 journal = {RAA},
				 archivePrefix = "arXiv",
		   eprint = {1011.0526},
		rimaryClass = "astro-ph.SR",
		    year = 2011,
		   month = jun,
		   volume = 11,
		   pages = {687-691},
		  doi = {10.1088/1674-4527/11/6/008},
		  adsurl = {http://adsabs.harvard.edu/abs/2011RAA....11..687L},
		 adsnote = {Provided by the SAO/NASA Astrophysics Data System}
}

@ARTICLE{Dai,
	   author = {{Dai}, S. and {Xu}, R.~X. and {Esamdin}, A.},
		     title = "{Microlensing pulsars}",
				   journal = {\mnras},
			 archivePrefix = "arXiv",
		    eprint = {0912.1167},
				primaryClass = "astro-ph.HE",
				keywords = {gravitational lensing: micro, stars: neutron, pulsars: general},
				year = 2010,
				month = jul,
				volume = 405,
				pages = {2754-2758},
				doi = {10.1111/j.1365-2966.2010.16660.x},
				adsurl = {http://adsabs.harvard.edu/abs/2010MNRAS.405.2754D},
				adsnote = {Provided by the SAO/NASA Astrophysics Data System}
}

@ARTICLE{Udalski,
	   author = {{Udalski}, A.},
		 title = "{The Optical Gravitational Lensing Experiment. Real Time Data Analysis Systems in the OGLE-III Survey}",
		 journal = {\actaa},
		 eprint = {astro-ph/0401123},
		 keywords = {Surveys, Instrumentation: detectors, Techniques: photometric},
		 year = 2003,
		 month = dec,
		 volume = 53,
		 pages = {291-305},
		 adsurl = {http://adsabs.harvard.edu/abs/2003AcA....53..291U},
		 adsnote = {Provided by the SAO/NASA Astrophysics Data System}
}

@ARTICLE{lsst,
	   author = {{LSST Science Collaboration} and {Abell}, P.~A. and {Allison}, J. and 
				{Anderson}, S.~F. and {Andrew}, J.~R. and {Angel}, J.~R.~P. and 
					{Armus}, L. and {Arnett}, D. and {Asztalos}, S.~J. and {Axelrod}, T.~S. and et al.},
		 title = "{LSST Science Book, Version 2.0}",
		 journal = {ArXiv e-prints},
		 archivePrefix = "arXiv",
		 eprint = {0912.0201},
		 primaryClass = "astro-ph.IM",
		 keywords = {Astrophysics - Instrumentation and Methods for Astrophysics, Astrophysics - Cosmology and Extragalactic Astrophysics, Astrophysics - Earth and Planetary Astrophysics, Astrophysics - Galaxy Astrophysics, Astrophysics - Solar and Stellar Astrophysics},
		 year = 2009,
		 month = dec,
		 adsurl = {http://adsabs.harvard.edu/abs/2009arXiv0912.0201L},
		 adsnote = {Provided by the SAO/NASA Astrophysics Data System}
}

@ARTICLE{Spergel,
	   author = {{Spergel}, D. and {Gehrels}, N. and {Breckinridge}, J. and {Donahue}, M. and 
				{Dressler}, A. and {Gaudi}, B.~S. and {Greene}, T. and {Guyon}, O. and 
				{Hirata}, C. and {Kalirai}, J. and {Kasdin}, N.~J. and {Moos}, W. and 
				{Perlmutter}, S. and {Postman}, M. and {Rauscher}, B. and {Rhodes}, J. and 
				{Wang}, Y. and {Weinberg}, D. and {Centrella}, J. and {Traub}, W. and 
				{Baltay}, C. and {Colbert}, J. and {Bennett}, D. and {Kiessling}, A. and 
				{Macintosh}, B. and {Merten}, J. and {Mortonson}, M. and {Penny}, M. and 
				{Rozo}, E. and {Savransky}, D. and {Stapelfeldt}, K. and {Zu}, Y. and 
				{Baker}, C. and {Cheng}, E. and {Content}, D. and {Dooley}, J. and 
				{Foote}, M. and {Goullioud}, R. and {Grady}, K. and {Jackson}, C. and 
				{Kruk}, J. and {Levine}, M. and {Melton}, M. and {Peddie}, C. and 
				{Ruffa}, J. and {Shaklan}, S.},
		 title = "{Wide-Field InfraRed Survey Telescope-Astrophysics Focused Telescope Assets WFIRST-AFTA Final Report}",
		 journal = {ArXiv e-prints},
		 archivePrefix = "arXiv",
		 eprint = {1305.5422},
		 primaryClass = "astro-ph.IM",
		 keywords = {Astrophysics - Instrumentation and Methods for Astrophysics},
		 year = 2013,
		 month = may,
		 adsurl = {http://adsabs.harvard.edu/abs/2013arXiv1305.5422S},
		 adsnote = {Provided by the SAO/NASA Astrophysics Data System}
}

@ARTICLE{Sartore10,
	   author = {{Sartore}, N. and {Treves}, A.},
	 title = "{Probing isolated compact remnants with microlensing}",
	   journal = {\aap},
		 archivePrefix = "arXiv",
	   eprint = {1009.0005},
		 primaryClass = "astro-ph.GA",
	  keywords = {stars: kinematics and dynamics, stars: neutron, Galaxy: stellar content},
	    year = 2010,
	    month = nov,
	   volume = 523,
	    eid = {A33},
	   pages = {A33},
	   doi = {10.1051/0004-6361/201015060},
	 adsurl = {http://adsabs.harvard.edu/abs/2010A%26A...523A..33S},
	  adsnote = {Provided by the SAO/NASA Astrophysics Data System}
}

@ARTICLE{Wood,
	   author = {{Wood}, A. and {Mao}, S.},
	   title = "{Optical depths and time-scale distributions in Galactic microlensing}",
	   journal = {\mnras},
	    eprint = {astro-ph/0507210},
		 keywords = {gravitational lensing, Galaxy: bulge, Galaxy: structure},
	   year = 2005,
	   month = sep,
		 volume = 362,
		 pages = {945-951},
		 doi = {10.1111/j.1365-2966.2005.09357.x},
		 adsurl = {http://adsabs.harvard.edu/abs/2005MNRAS.362..945W},
		 adsnote = {Provided by the SAO/NASA Astrophysics Data System}
}

@ARTICLE{Johnston05,
	   author = {{Johnston}, S. and {Hobbs}, G. and {Vigeland}, S. and {Kramer}, M. and 
				{Weisberg}, J.~M. and {Lyne}, A.~G.},
		 title = "{Evidence for alignment of the rotation and velocity vectors in pulsars}",
		 journal = {\mnras},
		 eprint = {astro-ph/0510260},
		 keywords = {pulsars: general, techniques: polarimetric},
		 year = 2005,
		 month = dec,
		 volume = 364,
		 pages = {1397-1412},
		 doi = {10.1111/j.1365-2966.2005.09669.x},
		 adsurl = {http://adsabs.harvard.edu/abs/2005MNRAS.364.1397J},
		 adsnote = {Provided by the SAO/NASA Astrophysics Data System}
}

@ARTICLE{Lorimer06,
	   author = {{Lorimer}, D.~R. and {Faulkner}, A.~J. and {Lyne}, A.~G. and 
				{Manchester}, R.~N. and {Kramer}, M. and {McLaughlin}, M.~A. and 
				{Hobbs}, G. and {Possenti}, A. and {Stairs}, I.~H. and {Camilo}, F. and 
				{Burgay}, M. and {D'Amico}, N. and {Corongiu}, A. and {Crawford}, F.
		 },
		 title = "{The Parkes Multibeam Pulsar Survey - VI. Discovery and timing of 142 pulsars and a Galactic population analysis}",
		 journal = {\mnras},
		 eprint = {astro-ph/0607640},
		 keywords = {methods: statistical, stars: neutron, pulsars: general},
		 year = 2006,
		 month = oct,
		 volume = 372,
		 pages = {777-800},
		 doi = {10.1111/j.1365-2966.2006.10887.x},
		 adsurl = {http://adsabs.harvard.edu/abs/2006MNRAS.372..777L},
		 adsnote = {Provided by the SAO/NASA Astrophysics Data System}
}

@ARTICLE{Faucher,
	   author = {{Faucher-Gigu{\`e}re}, C.-A. and {Kaspi}, V.~M.},
		 title = "{Birth and Evolution of Isolated Radio Pulsars}",
		 journal = {\apj},
		 eprint = {astro-ph/0512585},
		 keywords = {Galaxy: Structure, Methods: Statistical, Stars: Pulsars: General, Stars: Kinematics, Stars: Neutron},
		 year = 2006,
		 month = may,
		 volume = 643,
		 pages = {332-355},
		 doi = {10.1086/501516},
		 adsurl = {http://adsabs.harvard.edu/abs/2006ApJ...643..332F},
		 adsnote = {Provided by the SAO/NASA Astrophysics Data System}
}

@ARTICLE{Paczynski,
	   author = {{Paczynski}, B.},
		 title = "{The Masses of Nearby Dwarfs and Brown Dwarfs with the HST}",
		 journal = {\actaa},
		 eprint = {astro-ph/9606060},
		 keywords = {GRAVITATIONAL LENSING, STARS: LOW-MASS: BROWN DWARFS},
		 year = 1996,
		 month = jul,
		 volume = 46,
		 pages = {291-296},
		 adsurl = {http://adsabs.harvard.edu/abs/1996AcA....46..291P},
		 adsnote = {Provided by the SAO/NASA Astrophysics Data System}
}

@ARTICLE{Nan,
	   author = {{Nan}, R.-D. and {Wang}, Q.-M. and {Zhu}, L.-C. and {Zhu}, W.-B. and 
				{Jin}, C.-J. and {Gan}, H.-Q.},
		 title = "{Pulsar Observations with Radio Telescope FAST}",
		 journal = {Chinese Journal of Astronomy and Astrophysics Supplement},
		 keywords = {techniques: radio astronomy, pulsars: general techniques: radio astronomy},
		 year = 2006,
		 month = dec,
		 volume = 6,
		 number = 2,
		 pages = {304-310},
		 adsurl = {http://adsabs.harvard.edu/abs/2006ChJAS...6b.304N},
		 adsnote = {Provided by the SAO/NASA Astrophysics Data System}
}

@ARTICLE{Johnston2007,
	   author = {{Johnston}, S. and {Bailes}, M. and {Bartel}, N. and {Baugh}, C. and 
				{Bietenholz}, M. and {Blake}, C. and {Braun}, R. and {Brown}, J. and 
				{Chatterjee}, S. and {Darling}, J. and {Deller}, A. and {Dodson}, R. and 
				{Edwards}, P.~G. and {Ekers}, R. and {Ellingsen}, S. and {Feain}, I. and 
				{Gaensler}, B.~M. and {Haverkorn}, M. and {Hobbs}, G. and {Hopkins}, A. and 
				{Jackson}, C. and {James}, C. and {Joncas}, G. and {Kaspi}, V. and 
				{Kilborn}, V. and {Koribalski}, B. and {Kothes}, R. and {Landecker}, T.~L. and 
				{Lenc}, E. and {Lovell}, J. and {Macquart}, J.-P. and {Manchester}, R. and 
				{Matthews}, D. and {McClure-Griffiths}, N.~M. and {Norris}, R. and 
				{Pen}, U.-L. and {Phillips}, C. and {Power}, C. and {Protheroe}, R. and 
				{Sadler}, E. and {Schmidt}, B. and {Stairs}, I. and {Staveley-Smith}, L. and 
				{Stil}, J. and {Taylor}, R. and {Tingay}, S. and {Tzioumis}, A. and 
				{Walker}, M. and {Wall}, J. and {Wolleben}, M.},
		 title = "{Science with the Australian Square Kilometre Array Pathfinder}",
		 journal = {\pasa},
		 archivePrefix = "arXiv",
		 eprint = {0711.2103},
		 keywords = {telescopes},
		 year = 2007,
		 month = dec,
		 volume = 24,
		 pages = {174-188},
		 doi = {10.1071/AS07033},
		 adsurl = {http://adsabs.harvard.edu/abs/2007PASA...24..174J},
		 adsnote = {Provided by the SAO/NASA Astrophysics Data System}
}

@ARTICLE{Bel,
	   author = {{Belokurov}, V.~A. and {Evans}, N.~W.},
		 title = "{Astrometric microlensing with the GAIA satellite}",
		 journal = {\mnras},
		 eprint = {astro-ph/0112243},
		 keywords = {gravitational lensing, astrometry, Galaxy: stellar content, Galaxy: structure, dark matter},
		 year = 2002,
		 month = apr,
		 volume = 331,
		 pages = {649-665},
		 doi = {10.1046/j.1365-8711.2002.05222.x},
		 adsurl = {http://adsabs.harvard.edu/abs/2002MNRAS.331..649B},
		 adsnote = {Provided by the SAO/NASA Astrophysics Data System}
}

@ARTICLE{Tian,
	   author = {{Tian}, L. and {Mao}, S.},
		 title = "{Determining neutron star masses using weak microlensing}",
		 journal = {\mnras},
		 archivePrefix = "arXiv",
		 eprint = {1209.2249},
		 primaryClass = "astro-ph.GA",
		 keywords = {gravitational lensing: micro, stars: neutron, pulsars: general},
		 year = 2012,
		 month = dec,
		 volume = 427,
		 pages = {2292-2297},
		 doi = {10.1111/j.1365-2966.2012.22101.x},
		 adsurl = {http://adsabs.harvard.edu/abs/2012MNRAS.427.2292T},
		 adsnote = {Provided by the SAO/NASA Astrophysics Data System}
}

@ARTICLE{Yusifov,
	   author = {{Yusifov}, I. and {K{\"u}{\c c}{\"u}k}, I.},
		 title = "{Revisiting the radial distribution of pulsars in the Galaxy}",
		 journal = {\aap},
		 eprint = {astro-ph/0405559},
		 keywords = {pulsars: general, Galaxy: structure},
		 year = 2004,
		 month = aug,
		 volume = 422,
		 pages = {545-553},
		 doi = {10.1051/0004-6361:20040152},
		 adsurl = {http://adsabs.harvard.edu/abs/2004A%26A...422..545Y},
		 adsnote = {Provided by the SAO/NASA Astrophysics Data System}
}

@ARTICLE{Keane,
	   author = {{Keane}, E.~F. and {Kramer}, M.},
		 title = "{On the birthrates of Galactic neutron stars}",
		 journal = {\mnras},
		 archivePrefix = "arXiv",
		 eprint = {0810.1512},
		 keywords = {stars: neutron , pulsars: general , supernovae: general , Galaxy: stellar content},
		 year = 2008,
		 month = dec,
		 volume = 391,
		 pages = {2009-2016},
		 doi = {10.1111/j.1365-2966.2008.14045.x},
		 adsurl = {http://adsabs.harvard.edu/abs/2008MNRAS.391.2009K},
		 adsnote = {Provided by the SAO/NASA Astrophysics Data System}
}

@ARTICLE{Rattenbury,
	   author = {{Rattenbury}, N.~J. and {Mao}, S. and {Sumi}, T. and {Smith}, M.~C.
				},
		 title = "{Modelling the Galactic bar using OGLE-II red clump giant stars}",
		 journal = {\mnras},
		 archivePrefix = "arXiv",
		 eprint = {0704.1614},
		 keywords = {Galaxy: bulge, Galaxy: centre, Galaxy: structure},
		 year = 2007,
		 month = jul,
		 volume = 378,
		 pages = {1064-1078},
		 doi = {10.1111/j.1365-2966.2007.11843.x},
		 adsurl = {http://adsabs.harvard.edu/abs/2007MNRAS.378.1064R},
		 adsnote = {Provided by the SAO/NASA Astrophysics Data System}
}

@ARTICLE{Bissantz,
	   author = {{Bissantz}, N. and {Gerhard}, O.},
		 title = "{Spiral arms, bar shape and bulge microlensing in the Milky Way}",
		 journal = {\mnras},
		 eprint = {astro-ph/0110368},
		 keywords = {GALAXY: CENTRE, GALAXY: STRUCTURE, GALAXIES: SPIRAL, Galaxy: centre, Galaxy: structure, galaxies: spiral},
		 year = 2002,
		 month = mar,
		 volume = 330,
		 pages = {591-608},
		 doi = {10.1046/j.1365-8711.2002.05116.x},
		 adsurl = {http://adsabs.harvard.edu/abs/2002MNRAS.330..591B},
		 adsnote = {Provided by the SAO/NASA Astrophysics Data System}
}

@ARTICLE{Calchi,
	   author = {{Calchi Novati}, S. and {de Luca}, F. and {Jetzer}, P. and {Mancini}, L. and 
				{Scarpetta}, G.},
		 title = "{Microlensing constraints on the Galactic bulge initial mass function}",
		 journal = {\aap},
		 archivePrefix = "arXiv",
		 eprint = {0711.3758},
		 keywords = {gravitational lensing, Galaxy: bulge, Galaxy: stellar contents},
		 year = 2008,
		 month = mar,
		 volume = 480,
		 pages = {723-733},
		 doi = {10.1051/0004-6361:20078439},
		 adsurl = {http://adsabs.harvard.edu/abs/2008A%26A...480..723C},
		 adsnote = {Provided by the SAO/NASA Astrophysics Data System}
}

@ARTICLE{popowski,
	   author = {{Popowski}, P. and {Griest}, K. and {Thomas}, C.~L. and {Cook}, K.~H. and 
				{Bennett}, D.~P. and {Becker}, A.~C. and {Alves}, D.~R. and 
				{Minniti}, D. and {Drake}, A.~J. and {Alcock}, C. and {Allsman}, R.~A. and 
				{Axelrod}, T.~S. and {Freeman}, K.~C. and {Geha}, M. and {Lehner}, M.~J. and 
				{Marshall}, S.~L. and {Nelson}, C.~A. and {Peterson}, B.~A. and 
				{Quinn}, P.~J. and {Stubbs}, C.~W. and {Sutherland}, W. and 
				{Vandehei}, T. and {Welch}, D. and {MACHO Collaboration}},
		 title = "{Microlensing Optical Depth toward the Galactic Bulge Using Clump Giants from the MACHO Survey}",
		 journal = {\apj},
		 eprint = {astro-ph/0410319},
		 keywords = {Galaxy: Center, Galaxy: Stellar Content, Galaxy: Structure, Cosmology: Gravitational Lensing, Surveys},
		 year = 2005,
		 month = oct,
		 volume = 631,
		 pages = {879-905},
		 doi = {10.1086/432246},
		 adsurl = {http://adsabs.harvard.edu/abs/2005ApJ...631..879P},
		 adsnote = {Provided by the SAO/NASA Astrophysics Data System}
}

@ARTICLE{zheng,
	   author = {{Zheng}, Z. and {Flynn}, C. and {Gould}, A. and {Bahcall}, J.~N. and 
				{Salim}, S.},
		 title = "{M Dwarfs from Hubble Space Telescope Star Counts. IV.}",
		 journal = {\apj},
		 eprint = {astro-ph/0102442},
		 keywords = {Stars: Late-Type, Stars: Low-Mass, Brown Dwarfs, Stars: Luminosity Function, Mass Function, Stars: Statistics, Surveys},
		 year = 2001,
		 month = jul,
		 volume = 555,
		 pages = {393-404},
		 doi = {10.1086/321485},
		 adsurl = {http://adsabs.harvard.edu/abs/2001ApJ...555..393Z},
		 adsnote = {Provided by the SAO/NASA Astrophysics Data System}
}

@ARTICLE{han,
	   author = {{Han}, C. and {Gould}, A.},
		 title = "{Stellar Contribution to the Galactic Bulge Microlensing Optical Depth}",
		 journal = {\apj},
		 eprint = {astro-ph/0303309},
		 keywords = {Cosmology: Dark Matter, Galaxy: Bulge, Cosmology: Gravitational Lensing, Stars: Luminosity Function, Mass Function},
		 year = 2003,
		 month = jul,
		 volume = 592,
		 pages = {172-175},
		 doi = {10.1086/375706},
		 adsurl = {http://adsabs.harvard.edu/abs/2003ApJ...592..172H},
		 adsnote = {Provided by the SAO/NASA Astrophysics Data System}
}

@ARTICLE{wang,
	   author = {{Wang}, J. and {Smith}, M.~C.},
		 title = "{Using microlensed quasars to probe the structure of the Milky Way}",
		 journal = {\mnras},
		 archivePrefix = "arXiv",
		 eprint = {1005.0673},
		 primaryClass = "astro-ph.GA",
		 keywords = {gravitational lensing: micro, Galaxy: kinematics and dynamics, Galaxy: structure},
		 year = 2011,
		 month = jan,
		 volume = 410,
		 pages = {1135-1144},
		 doi = {10.1111/j.1365-2966.2010.17511.x},
		 adsurl = {http://adsabs.harvard.edu/abs/2011MNRAS.410.1135W},
		 adsnote = {Provided by the SAO/NASA Astrophysics Data System}
}

@ARTICLE{kiraga,
	   author = {{Kiraga}, M. and {Paczynski}, B.},
		 title = "{Gravitational microlensing of the Galactic bulge stars}",
		 journal = {\apjl},
		 keywords = {Astronomical Models, Galactic Bulge, Gravitational Lenses, Optical Thickness, Brown Dwarf Stars, Dark Matter, Galactic Structure, Star Distribution},
		 year = 1994,
		 month = aug,
		 volume = 430,
		 pages = {L101-L104},
		 doi = {10.1086/187448},
		 adsurl = {http://adsabs.harvard.edu/abs/1994ApJ...430L.101K},
		 adsnote = {Provided by the SAO/NASA Astrophysics Data System}
}

@ARTICLE{Paczynski1996,
	   author = {{Paczynski}, B.},
		 title = "{Gravitational Microlensing in the Local Group}",
		 journal = {\araa},
		 eprint = {astro-ph/9604011},
		 year = 1996,
		 volume = 34,
		 pages = {419-460},
		 doi = {10.1146/annurev.astro.34.1.419},
		 adsurl = {http://adsabs.harvard.edu/abs/1996ARA%26A..34..419P},
		 adsnote = {Provided by the SAO/NASA Astrophysics Data System}
}

@ARTICLE{kerins,
	   author = {{Kerins}, E. and {Robin}, A.~C. and {Marshall}, D.~J.},
		 title = "{Synthetic microlensing maps of the Galactic bulge}",
		 journal = {\mnras},
		 archivePrefix = "arXiv",
		 eprint = {0805.4626},
		 keywords = {gravitational lensing , stars: statistics , Galaxy: bulge , Galaxy: structure},
		 year = 2009,
		 month = jun,
		 volume = 396,
		 pages = {1202-1210},
		 doi = {10.1111/j.1365-2966.2009.14791.x},
		 adsurl = {http://adsabs.harvard.edu/abs/2009MNRAS.396.1202K},
		 adsnote = {Provided by the SAO/NASA Astrophysics Data System}
}

@ARTICLE{Szymanski,
	   author = {{Szyma{\'n}ski}, M.~K. and {Udalski}, A. and {Soszy{\'n}ski}, I. and 
			 {Kubiak}, M. and {Pietrzy{\'n}ski}, G. and {Poleski}, R. and 
			 {Wyrzykowski}, {\L}. and {Ulaczyk}, K.},
		 title = "{The Optical Gravitational Lensing Experiment. OGLE-III Photometric Maps of the Galactic Bulge Fields}",
		 journal = {\actaa},
		 archivePrefix = "arXiv",
		 eprint = {1107.4008},
		 primaryClass = "astro-ph.SR",
		 keywords = {Galaxy: bulge, Surveys, Catalogs, Techniques: photometric},
		 year = 2011,
		 month = jun,
		 volume = 61,
		 pages = {83-102},
		 adsurl = {http://adsabs.harvard.edu/abs/2011AcA....61...83S},
		 adsnote = {Provided by the SAO/NASA Astrophysics Data System}
}

@ARTICLE{Smith07,
	   author = {{Smith}, M.~C. and {Wo{\'z}niak}, P. and {Mao}, S. and {Sumi}, T.
				},
		 title = "{Blending in gravitational microlensing experiments: source confusion and related systematics}",
		 journal = {\mnras},
		 archivePrefix = "arXiv",
		 eprint = {0707.0550},
		 keywords = {gravitational lensing, Galaxy: bulge, Galaxy: centre},
		 year = 2007,
		 month = sep,
		 volume = 380,
		 pages = {805-818},
		 doi = {10.1111/j.1365-2966.2007.12130.x},
		 adsurl = {http://adsabs.harvard.edu/abs/2007MNRAS.380..805S},
		 adsnote = {Provided by the SAO/NASA Astrophysics Data System}
}

@ARTICLE{ivez12a,
	   author = {{Ivezi{\'c}}, {\v Z}. and {Beers}, T.~C. and {Juri{\'c}}, M.
				},
		 title = "{Galactic Stellar Populations in the Era of the Sloan Digital Sky Survey and Other Large Surveys}",
		 journal = {\araa},
		 archivePrefix = "arXiv",
		 eprint = {1308.6386},
		 primaryClass = "astro-ph.GA",
		 year = 2012,
		 month = sep,
		 volume = 50,
		 pages = {251-304},
		 doi = {10.1146/annurev-astro-081811-125504},
		 adsurl = {http://adsabs.harvard.edu/abs/2012ARA%26A..50..251I},
		 adsnote = {Provided by the SAO/NASA Astrophysics Data System}
}

@ARTICLE{sumi11,
	   author = {{Sumi}, T. and {Kamiya}, K. and {Bennett}, D.~P. and {Bond}, I.~A. and 
				{Abe}, F. and {Botzler}, C.~S. and {Fukui}, A. and {Furusawa}, K. and 
				{Hearnshaw}, J.~B. and {Itow}, Y. and {Kilmartin}, P.~M. and 
				{Korpela}, A. and {Lin}, W. and {Ling}, C.~H. and {Masuda}, K. and 
				{Matsubara}, Y. and {Miyake}, N. and {Motomura}, M. and {Muraki}, Y. and 
				{Nagaya}, M. and {Nakamura}, S. and {Ohnishi}, K. and {Okumura}, T. and 
				{Perrott}, Y.~C. and {Rattenbury}, N. and {Saito}, T. and {Sako}, T. and 
				{Sullivan}, D.~J. and {Sweatman}, W.~L. and {Tristram}, P.~J. and 
				{Udalski}, A. and {Szyma{\'n}ski}, M.~K. and {Kubiak}, M. and 
				{Pietrzy{\'n}ski}, G. and {Poleski}, R. and {Soszy{\'n}ski}, I. and 
				{Wyrzykowski}, {\L}. and {Ulaczyk}, K. and {Microlensing Observations in Astrophysics (MOA) Collaboration}
		 },
		 title = "{Unbound or distant planetary mass population detected by gravitational microlensing}",
		 journal = {\nat},
		 archivePrefix = "arXiv",
		 eprint = {1105.3544},
		 primaryClass = "astro-ph.EP",
		 year = 2011,
		 month = may,
		 volume = 473,
		 pages = {349-352},
		 doi = {10.1038/nature10092},
		 adsurl = {http://adsabs.harvard.edu/abs/2011Natur.473..349S},
		 adsnote = {Provided by the SAO/NASA Astrophysics Data System}
}

@ARTICLE{sumi,
	   author = {{Sumi}, T. and Wo{\'z}niak, P.~R. and {Udalski}, A. and Szyma{\'n}ski, M. and 
				{Kubiak}, M. and Pietrzy{\'n}ski, G. and Soszy{\'n}ski, I. and 
					{\.Z}ebru{\'n}, K. and {Szewczyk}, O. and Wyrzykowski, {\L}. and 
						Paczy{\'n}ski, B.},
		 title = "{Microlensing Optical Depth toward the Galactic Bulge Using Bright Sources from OGLE-II}",
		 journal = {\apj},
		 eprint = {astro-ph/0502363},
		 keywords = {Galaxy: Bulge, Cosmology: Gravitational Lensing, Stars: Variables: Other},
		 year = 2006,
		 month = jan,
		 volume = 636,
		 pages = {240-260},
		 doi = {10.1086/497951},
		 adsurl = {http://adsabs.harvard.edu/abs/2006ApJ...636..240S},
		 adsnote = {Provided by the SAO/NASA Astrophysics Data System}
}

@ARTICLE{verbiest,
	   author = {{Verbiest}, J.~P.~W. and {Bailes}, M. and {van Straten}, W. and 
				{Hobbs}, G.~B. and {Edwards}, R.~T. and {Manchester}, R.~N. and 
					{Bhat}, N.~D.~R. and {Sarkissian}, J.~M. and {Jacoby}, B.~A. and 
						{Kulkarni}, S.~R.},
		 title = "{Precision Timing of PSR J0437-4715: An Accurate Pulsar Distance, a High Pulsar Mass, and a Limit on the Variation of Newton's Gravitational Constant}",
		 journal = {\apj},
		 archivePrefix = "arXiv",
		 eprint = {0801.2589},
		 keywords = {Stars: Pulsars: Individual: Alphanumeric: PSR J0437-4715, Stars: Distances, Stars: Neutron},
		 year = 2008,
		 month = may,
		 volume = 679,
		 pages = {675-680},
		 doi = {10.1086/529576},
		 adsurl = {http://adsabs.harvard.edu/abs/2008ApJ...679..675V},
		 adsnote = {Provided by the SAO/NASA Astrophysics Data System}
}

@ARTICLE{Madison13,
	   author = {{Madison}, D.~R. and {Chatterjee}, S. and {Cordes}, J.~M.},
		 title = "{The Benefits of VLBI Astrometry to Pulsar Timing Array Searches for Gravitational Radiation}",
		 journal = {\apj},
		 archivePrefix = "arXiv",
		 eprint = {1210.2469},
		 primaryClass = "astro-ph.HE",
		 keywords = {astrometry, gravitational waves, pulsars: general, reference systems },
		 year = 2013,
		 month = nov,
		 volume = 777,
		 eid = {104},
		 pages = {104},
		 doi = {10.1088/0004-637X/777/2/104},
		 adsurl = {http://adsabs.harvard.edu/abs/2013ApJ...777..104M},
		 adsnote = {Provided by the SAO/NASA Astrophysics Data System}
}

@ARTICLE{Taylor,
	   author = {{Taylor}, J.~H. and {Cordes}, J.~M.},
		 title = "{Pulsar distances and the galactic distribution of free electrons}",
		 journal = {\apj},
		 keywords = {Astrometry, Electron Density (Concentration), Free Electrons, Galactic Structure, H Ii Regions, Pulsars, Astronomical Models, Extragalactic Radio Sources, Interstellar Matter, Milky Way Galaxy},
		 year = 1993,
		 month = jul,
		 volume = 411,
		 pages = {674-684},
		 doi = {10.1086/172870},
		 adsurl = {http://adsabs.harvard.edu/abs/1993ApJ...411..674T},
		 adsnote = {Provided by the SAO/NASA Astrophysics Data System}
}

@ARTICLE{cordes,
	   author = {{Cordes}, J.~M. and {Lazio}, T.~J.~W.},
		 title = "{NE2001.I. A New Model for the Galactic Distribution of Free Electrons and its Fluctuations}",
		 journal = {ArXiv Astrophysics e-prints},
		 eprint = {astro-ph/0207156},
		 keywords = {Astrophysics},
		 year = 2002,
		 month = jul,
		 adsurl = {http://adsabs.harvard.edu/abs/2002astro.ph..7156C},
		 adsnote = {Provided by the SAO/NASA Astrophysics Data System}
}

@ARTICLE{Chatterjee04,
	   author = {{Chatterjee}, S. and {Cordes}, J.~M. and {Vlemmings}, W.~H.~T. and 
				{Arzoumanian}, Z. and {Goss}, W.~M. and {Lazio}, T.~J.~W.},
		 title = "{Pulsar Parallaxes at 5 GHz with the Very Long Baseline Array}",
		 journal = {\apj},
		 eprint = {astro-ph/0312044},
		 keywords = {Astrometry, Stars: Pulsars: Individual: Alphanumeric: PSR B0355+54, Stars: Pulsars: Individual: Alphanumeric: PSR B1929+10, Stars: Kinematics, Stars: Neutron, X-Rays: Stars},
		 year = 2004,
		 month = mar,
		 volume = 604,
		 pages = {339-345},
		 doi = {10.1086/381748},
		 adsurl = {http://adsabs.harvard.edu/abs/2004ApJ...604..339C},
		 adsnote = {Provided by the SAO/NASA Astrophysics Data System}
}

@ARTICLE{Manchester05,
	   author = {{Manchester}, R.~N. and {Hobbs}, G.~B. and {Teoh}, A. and {Hobbs}, M.
				},
		 title = "{The Australia Telescope National Facility Pulsar Catalogue}",
		 journal = {\aj},
		 eprint = {astro-ph/0412641},
		 keywords = {Catalogs, Stars: Pulsars: General},
		 year = 2005,
		 month = apr,
		 volume = 129,
		 pages = {1993-2006},
		 doi = {10.1086/428488},
		 adsurl = {http://adsabs.harvard.edu/abs/2005AJ....129.1993M},
		 adsnote = {Provided by the SAO/NASA Astrophysics Data System}
}

@ARTICLE{Lawrence,
	   author = {{Lawrence}, A. and {Warren}, S.~J. and {Almaini}, O. and {Edge}, A.~C. and 
				{Hambly}, N.~C. and {Jameson}, R.~F. and {Lucas}, P. and {Casali}, M. and 
				{Adamson}, A. and {Dye}, S. and {Emerson}, J.~P. and {Foucaud}, S. and 
				{Hewett}, P. and {Hirst}, P. and {Hodgkin}, S.~T. and {Irwin}, M.~J. and 
				{Lodieu}, N. and {McMahon}, R.~G. and {Simpson}, C. and {Smail}, I. and 
				{Mortlock}, D. and {Folger}, M.},
		     title = "{The UKIRT Infrared Deep Sky Survey (UKIDSS)}",
				 journal = {\mnras},
				 eprint = {astro-ph/0604426},
				 keywords = {surveys, infrared: general},
				 year = 2007,
				 month = aug,
				 volume = 379,
				 pages = {1599-1617},
				 doi = {10.1111/j.1365-2966.2007.12040.x},
				 adsurl = {http://adsabs.harvard.edu/abs/2007MNRAS.379.1599L},
				 adsnote = {Provided by the SAO/NASA Astrophysics Data System}
}

@ARTICLE{deller,
	   author = {{Deller}, A.~T. and {Tingay}, S.~J. and {Bailes}, M. and {Reynolds}, J.~E.
				},
		 title = "{Precision Southern Hemisphere VLBI Pulsar Astrometry. II. Measurement of Seven Parallaxes}",
		 journal = {\apj},
		 archivePrefix = "arXiv",
		 eprint = {0906.3897},
		 primaryClass = "astro-ph.SR",
		 keywords = {astrometry, pulsars: general, techniques: interferometric},
		 year = 2009,
		 month = aug,
		 volume = 701,
		 pages = {1243-1257},
		 doi = {10.1088/0004-637X/701/2/1243},
		 adsurl = {http://adsabs.harvard.edu/abs/2009ApJ...701.1243D},
		 adsnote = {Provided by the SAO/NASA Astrophysics Data System}
}

@ARTICLE{Minniti,
	   author = {{Minniti}, D. and {Lucas}, P.~W. and {Emerson}, J.~P. and {Saito}, R.~K. and 
				{Hempel}, M. and {Pietrukowicz}, P. and {Ahumada}, A.~V. and 
				{Alonso}, M.~V. and {Alonso-Garcia}, J. and {Arias}, J.~I.},
		 title = "{VISTA Variables in the Via Lactea (VVV): The public ESO near-IR variability survey of the Milky Way}",
		 journal = {\na},
		 archivePrefix = "arXiv",
		 eprint = {0912.1056},
		 primaryClass = "astro-ph.GA",
		 year = 2010,
		 month = jul,
		 volume = 15,
		 pages = {433-443},
		 doi = {10.1016/j.newast.2009.12.002},
		 adsurl = {http://adsabs.harvard.edu/abs/2010NewA...15..433M},
		 adsnote = {Provided by the SAO/NASA Astrophysics Data System}
}

@ARTICLE{sahu,
	   author = {{Sahu}, K.~C. and {Albrow}, M. and {Anderson}, J. and {Bond}, H.~E. and 
				{Bond}, I. and {Brown}, T.~M. and {Casertano}, S. and {Dominik}, M. and 
					{Ferguson}, H.~C. and {Fryer}, C. and {Livio}, M. and {Mao}, S. and 
						{Perrott}, Y. and {Udalski}, A. and {Yock}, P.},
		     title = "{Using HST to Detect Isolated Black Holes and Neutron Stars through Astrometric Microlensing}",
			   journal = {American Astronomical Society Meeting Abstracts},
				  year = 2012,
			    month = may,
			    volume = 220,
					pages = {307.03},
			   adsurl = {http://adsabs.harvard.edu/abs/2012AAS...22030703S},
				 adsnote = {Provided by the SAO/NASA Astrophysics Data System}
}

@ARTICLE{ivez,
	   author = {{Ivezic}, Z. and {Tyson}, J.~A. and {Abel}, B. and {Acosta}, E. and 
				{Allsman}, R. and {AlSayyad}, Y. and {Anderson}, S.~F. and {Andrew}, J. and 
				{Angel}, R. and {Angeli}, G. and {Ansari}, R. and {Antilogus}, P. and 
				{Arndt}, K.~T. and {Astier}, P. and {Aubourg}, E. and {Axelrod}, T. and 
			{Bard}, D.~J. and {Barr}, J.~D. and {Barrau}, A. and {Bartlett}, J.~G. and 
				{Bauman}, B.~J. and {Beaumont}, S. and {Becker}, A.~C. and {Becla}, J. and 
			{Beldica}, C. and {Bellavia}, S. and {Blanc}, G. and {Blandford}, R.~D. and 
				{Bloom}, J.~S. and {Bogart}, J. and {Borne}, K. and {Bosch}, J.~F. and 
	{Boutigny}, D. and {Brandt}, W.~N. and {Brown}, M.~E. and {Bullock}, J.~S. and 
		{Burchat}, P. and {Burke}, D.~L. and {Cagnoli}, G. and {Calabrese}, D. and 
			{Chandrasekharan}, S. and {Chesley}, S. and {Cheu}, E.~C. and 
				{Chiang}, J. and {Claver}, C.~F. and {Connolly}, A.~J. and {Cook}, K.~H. and 
					{Cooray}, A. and {Covey}, K.~R. and {Cribbs}, C. and {Cui}, W. and 
					{Cutri}, R. and {Daubard}, G. and {Daues}, G. and {Delgado}, F. and 
				{Digel}, S. and {Doherty}, P. and {Dubois}, R. and {Dubois-Felsmann}, G.~P. and 
			{Durech}, J. and {Eracleous}, M. and {Ferguson}, H. and {Frank}, J. and 
			{Freemon}, M. and {Gangler}, E. and {Gawiser}, E. and {Geary}, J.~C. and 
					{Gee}, P. and {Geha}, M. and {Gibson}, R.~R. and {Gilmore}, D.~K. and 
			{Glanzman}, T. and {Goodenow}, I. and {Gressler}, W.~J. and 
				{Gris}, P. and {Guyonnet}, A. and {Hascall}, P.~A. and {Haupt}, J. and 
			{Hernandez}, F. and {Hogan}, C. and {Huang}, D. and {Huffer}, M.~E. and 
			{Innes}, W.~R. and {Jacoby}, S.~H. and {Jain}, B. and {Jee}, J. and 
		{Jernigan}, J.~G. and {Jevremovic}, D. and {Johns}, K. and {Jones}, R.~L. and 
		{Juramy-Gilles}, C. and {Juric}, M. and {Kahn}, S.~M. and {Kalirai}, J.~S. and 
			{Kallivayalil}, N. and {Kalmbach}, B. and {Kantor}, J.~P. and 
				{Kasliwal}, M.~M. and {Kessler}, R. and {Kirkby}, D. and {Knox}, L. and 
			{Kotov}, I. and {Krabbendam}, V.~L. and {Krughoff}, S. and {Kubanek}, P. and 
		{Kuczewski}, J. and {Kulkarni}, S. and {Lambert}, R. and {Le Guillou}, L. and 
		{Levine}, D. and {Liang}, M. and {Lim}, K. and {Lintott}, C. and 
		{Lupton}, R.~H. and {Mahabal}, A. and {Marshall}, P. and {Marshall}, S. and 
			{May}, M. and {McKercher}, R. and {Migliore}, M. and {Miller}, M. and 
				{Mills}, D.~J. and {Monet}, D.~G. and {Moniez}, M. and {Neill}, D.~R. and 
		{Nief}, J. and {Nomerotski}, A. and {Nordby}, M. and {O'Connor}, P. and 
			{Oliver}, J. and {Olivier}, S.~S. and {Olsen}, K. and {Ortiz}, S. and 
			{Owen}, R.~E. and {Pain}, R. and {Peterson}, J.~R. and {Petry}, C.~E. and 
		{Pierfederici}, F. and {Pietrowicz}, S. and {Pike}, R. and {Pinto}, P.~A. and 
			{Plante}, R. and {Plate}, S. and {Price}, P.~A. and {Prouza}, M. and 
			{Radeka}, V. and {Rajagopal}, J. and {Rasmussen}, A. and {Regnault}, N. and 
		{Ridgway}, S.~T. and {Ritz}, S. and {Rosing}, W. and {Roucelle}, C. and 
			{Rumore}, M.~R. and {Russo}, S. and {Saha}, A. and {Sassolas}, B. and 
			{Schalk}, T.~L. and {Schindler}, R.~H. and {Schneider}, D.~P. and 
	{Schumacher}, G. and {Sebag}, J. and {Sembroski}, G.~H. and 
			{Seppala}, L.~G. and {Shipsey}, I. and {Silvestri}, N. and {Smith}, J.~A. and 
	{Smith}, R.~C. and {Strauss}, M.~A. and {Stubbs}, C.~W. and 
			{Sweeney}, D. and {Szalay}, A. and {Takacs}, P. and {Thaler}, J.~J. and 
				{Van Berg}, R. and {Vanden Berk}, D. and {Vetter}, K. and {Virieux}, F. and 
				{Xin}, B. and {Walkowicz}, L. and {Walter}, C.~W. and {Wang}, D.~L. and 
			{Warner}, M. and {Willman}, B. and {Wittman}, D. and {Wolff}, S.~C. and 
			{Wood-Vasey}, W.~M. and {Yoachim}, P. and {Zhan}, H. and {for the LSST Collaboration}
				},
		     title = "{LSST: from Science Drivers to Reference Design and Anticipated Data Products}",
				   journal = {ArXiv e-prints},
				 archivePrefix = "arXiv",
		    eprint = {0805.2366},
				 keywords = {Astrophysics},
	      year = 2008,
	    month = may,
	   adsurl = {http://adsabs.harvard.edu/abs/2008arXiv0805.2366I},
	   adsnote = {Provided by the SAO/NASA Astrophysics Data System}
}

@ARTICLE{McLaughlin06,
	   author = {{McLaughlin}, M.~A. and {Lyne}, A.~G. and {Lorimer}, D.~R. and 
				{Kramer}, M. and {Faulkner}, A.~J. and {Manchester}, R.~N. and 
					{Cordes}, J.~M. and {Camilo}, F. and {Possenti}, A. and {Stairs}, I.~H. and 
						{Hobbs}, G. and {D'Amico}, N. and {Burgay}, M. and {O'Brien}, J.~T.
							},
		     title = "{Transient radio bursts from rotating neutron stars}",
				   journal = {\nat},
				    eprint = {astro-ph/0511587},
		     year = 2006,
	     month = feb,
	    volume = 439,
	    pages = {817-820},
      doi = {10.1038/nature04440},
	   adsurl = {http://adsabs.harvard.edu/abs/2006Natur.439..817M},
	   adsnote = {Provided by the SAO/NASA Astrophysics Data System}
}

@ARTICLE{mao,
	   author = {{Mao}, S. and {Paczynski}, B.},
		     title = "{Mass Determination with Gravitational Microlensing}",
	   journal = {\apj},
  eprint = {astro-ph/9604002},
		 keywords = {COSMOLOGY: DARK MATTER, COSMOLOGY: GRAVITATIONAL LENSING},
    year = 1996,
    month = dec,
   volume = 473,
    pages = {57},
       doi = {10.1086/178126},
   adsurl = {http://adsabs.harvard.edu/abs/1996ApJ...473...57M},
 adsnote = {Provided by the SAO/NASA Astrophysics Data System}
}

@ARTICLE{hobbs,
	   author = {{Hobbs}, G. and {Lorimer}, D.~R. and {Lyne}, A.~G. and {Kramer}, M.
				},
	     title = "{A statistical study of 233 pulsar proper motions}",
	   journal = {\mnras},
	    eprint = {astro-ph/0504584},
		 keywords = {stars: kinematics, pulsars: general},
     year = 2005,
    month = jul,
	   volume = 360,
     pages = {974-992},
       doi = {10.1111/j.1365-2966.2005.09087.x},
	    adsurl = {http://adsabs.harvard.edu/abs/2005MNRAS.360..974H},
	  adsnote = {Provided by the SAO/NASA Astrophysics Data System}
}

@ARTICLE{DeBruijne12,
	   author = {{de Bruijne}, J.~H.~J.},
     title = "{Science performance of Gaia, ESA's space-astrometry mission}",
	   journal = {\apss},
		 archivePrefix = "arXiv",
    eprint = {1201.3238},
			 primaryClass = "astro-ph.IM",
		  keywords = {Astrometry, Photometry, Spectroscopy, CCD, Telescope, Data reduction, Calibration},
   year = 2012,
     month = sep,
	    volume = 341,
	    pages = {31-41},
     doi = {10.1007/s10509-012-1019-4},
   adsurl = {http://adsabs.harvard.edu/abs/2012Ap%26SS.341...31D},
   adsnote = {Provided by the SAO/NASA Astrophysics Data System}
}

@ARTICLE{Schwarz02,
	   author = {{Schwarz}, D.~J. and {Seidel}, D.},
     title = "{Microlensing neutron stars}",
	   journal = {\aap},
    eprint = {astro-ph/0204053},
			 keywords = {gravitational lensing, stars: neutron, stars: pulsars: individual: PSR J1932+1059},
     year = 2002,
    month = jun,
  volume = 388,
    pages = {483-491},
      doi = {10.1051/0004-6361:20020530},
    adsurl = {http://adsabs.harvard.edu/abs/2002A%26A...388..483S},
  adsnote = {Provided by the SAO/NASA Astrophysics Data System}
}

@ARTICLE{Horvath96,
	   author = {{Horvath}, J.~E.},
     title = "{Possible determination of isolated pulsar masses with gravitational microlensing}",
	   journal = {\mnras},
	  keywords = {GRAVITATION, PULSARS: GENERAL, GRAVITATIONAL LENSING},
     year = 1996,
    month = feb,
    volume = 278,
    pages = {L46-L48},
	   adsurl = {http://adsabs.harvard.edu/abs/1996MNRAS.278L..46H},
   adsnote = {Provided by the SAO/NASA Astrophysics Data System}
}
