@ARTICLE{fg81,
   author = {{Fahlman}, G.~G. and {Gregory}, P.~C.},
    title = "{An X-ray pulsar in SNR G109.1-1.0}",
  journal = {\nat},
 keywords = {Binary Stars, Point Sources, Pulsars, Supernova Remnants, X Ray Sources, Light Curve, Proportional Counters, Stellar Evolution, Stellar Radiation},
     year = 1981,
    month = sep,
   volume = 293,
    pages = {202-204},
      doi = {10.1038/293202a0},
   adsurl = {http://adsabs.harvard.edu/abs/1981Natur.293..202F},
  adsnote = {Provided by the SAO/NASA Astrophysics Data System}
}

@ARTICLE{scs86,
   author = {{Seward}, F.~D. and {Charles}, P.~A. and {Smale}, A.~P.},
    title = "{A 6 second periodic X-ray source in Carina}",
  journal = {\apj},
 keywords = {B Stars, Variable Stars, X Ray Binaries, Exosat Satellite, X Ray Spectra},
     year = 1986,
    month = jun,
   volume = 305,
    pages = {814-816},
      doi = {10.1086/164294},
   adsurl = {http://adsabs.harvard.edu/abs/1986ApJ...305..814S},
  adsnote = {Provided by the SAO/NASA Astrophysics Data System}
}

@ARTICLE{mgg+79,
   author = {{Mazets}, E.~P. and {Golenetskij}, S.~V. and {Guryan}, Y.~A.
	},
    title = "{Soft gamma-ray bursts from the source B1900+14}",
  journal = {Soviet Astronomy Letters},
 keywords = {Bursts, Energy Spectra, Gamma Ray Astronomy, Pulsars, Spaceborne Astronomy, X Ray Sources, Gamma Rays, Satellite Observation, Stellar Mass Accretion, Thermonuclear Reactions, Time Dependence, Venera Satellites},
     year = 1979,
    month = dec,
   volume = 5,
    pages = {343},
   adsurl = {http://adsabs.harvard.edu/abs/1979SvAL....5..343M},
  adsnote = {Provided by the SAO/NASA Astrophysics Data System}
}

@ARTICLE{mgi+79,
   author = {{Mazets}, E.~P. and {Golentskii}, S.~V. and {Ilinskii}, V.~N. and 
	{Aptekar}, R.~L. and {Guryan}, I.~A.},
    title = "{Observations of a flaring X-ray pulsar in Dorado}",
  journal = {\nat},
 keywords = {Binary Stars, Neutron Stars, Pulsars, Venera Satellites, X Ray Sources, Bursts, Stellar Models},
     year = 1979,
    month = dec,
   volume = 282,
    pages = {587-589},
      doi = {10.1038/282587a0},
   adsurl = {http://adsabs.harvard.edu/abs/1979Natur.282..587M},
  adsnote = {Provided by the SAO/NASA Astrophysics Data System}
}

@ARTICLE{m08,
   author = {{Mereghetti}, S.},
    title = "{The strongest cosmic magnets: soft gamma-ray repeaters and anomalous X-ray pulsars}",
  journal = {\aapr},
archivePrefix = "arXiv",
   eprint = {0804.0250},
 keywords = {Stars: neutron, Magnetic fields, X-rays: stars, Gamma rays: bursts, Pulsars: general},
     year = 2008,
    month = jul,
   volume = 15,
    pages = {225-287},
      doi = {10.1007/s00159-008-0011-z},
   adsurl = {http://adsabs.harvard.edu/abs/2008A%26ARv..15..225M},
  adsnote = {Provided by the SAO/NASA Astrophysics Data System}
}

@ARTICLE{hg05,
   author = {{Halpern}, J.~P. and {Gotthelf}, E.~V.},
    title = "{The Fading of Transient Anomalous X-Ray Pulsar XTE J1810-197}",
  journal = {\apj},
   eprint = {astro-ph/0409604},
 keywords = {Stars: Pulsars: General, Stars: Individual: Alphanumeric: XTE J1810-197, Stars: Neutron, X-Rays: Stars},
     year = 2005,
    month = jan,
   volume = 618,
    pages = {874-882},
      doi = {10.1086/426130},
   adsurl = {http://adsabs.harvard.edu/abs/2005ApJ...618..874H},
  adsnote = {Provided by the SAO/NASA Astrophysics Data System}
}

@ARTICLE{mte+05,
   author = {{Mereghetti}, S. and {Tiengo}, A. and {Esposito}, P. and {G{\"o}tz}, D. and 
	{Stella}, L. and {Israel}, G.~L. and {Rea}, N. and {Feroci}, M. and 
	{Turolla}, R. and {Zane}, S.},
    title = "{An XMM-Newton View of the Soft Gamma Repeater SGR 1806-20: Long-Term Variability in the Pre-Giant Flare Epoch}",
  journal = {\apj},
   eprint = {astro-ph/0502417},
 keywords = {Stars: Individual: Alphanumeric: SGR 1806-20, Stars: Neutron, X-Rays: Bursts},
     year = 2005,
    month = aug,
   volume = 628,
    pages = {938-945},
      doi = {10.1086/430943},
   adsurl = {http://adsabs.harvard.edu/abs/2005ApJ...628..938M},
  adsnote = {Provided by the SAO/NASA Astrophysics Data System}
}

@ARTICLE{mgm+05,
   author = {{Mereghetti}, S. and {G{\"o}tz}, D. and {Mirabel}, I.~F. and 
	{Hurley}, K.},
    title = "{INTEGRAL discovery of persistent hard X-ray emission from the Soft Gamma-ray Repeater SGR 1806-20}",
  journal = {\aap},
   eprint = {astro-ph/0411695},
 keywords = {gamma rays: bursts, pulsars: general, stars: individual: SGR 1806-20},
     year = 2005,
    month = apr,
   volume = 433,
    pages = {L9-L12},
      doi = {10.1051/0004-6361:200500088},
   adsurl = {http://adsabs.harvard.edu/abs/2005A%26A...433L...9M},
  adsnote = {Provided by the SAO/NASA Astrophysics Data System}
}

@ARTICLE{mgk+05,
   author = {{Mereghetti}, S. and {G{\"o}tz}, D. and {von Kienlin}, A. and 
	{Rau}, A. and {Lichti}, G. and {Weidenspointner}, G. and {Jean}, P.
	},
    title = "{The First Giant Flare from SGR 1806-20: Observations Using the Anticoincidence Shield of the Spectrometer on INTEGRAL}",
  journal = {\apjl},
   eprint = {astro-ph/0502577},
 keywords = {Gamma Rays: Bursts, Stars: Individual: Alphanumeric: SGR 1806-20, Stars: Neutron, X-Rays: Bursts},
     year = 2005,
    month = may,
   volume = 624,
    pages = {L105-L108},
      doi = {10.1086/430669},
   adsurl = {http://adsabs.harvard.edu/abs/2005ApJ...624L.105M},
  adsnote = {Provided by the SAO/NASA Astrophysics Data System}
}

@ARTICLE{met+06,
   author = {{Mereghetti}, S. and {Esposito}, P. and {Tiengo}, A. and {Zane}, S. and 
	{Turolla}, R. and {Stella}, L. and {Israel}, G.~L. and {G{\"o}tz}, D. and 
	{Feroci}, M.},
    title = "{The First XMM-Newton Observations of the Soft Gamma-Ray Repeater SGR 1900+14}",
  journal = {\apj},
   eprint = {astro-ph/0608588},
 keywords = {Stars: Individual: Alphanumeric: SGR 1900+14, Stars: Neutron},
     year = 2006,
    month = dec,
   volume = 653,
    pages = {1423-1428},
      doi = {10.1086/508682},
   adsurl = {http://adsabs.harvard.edu/abs/2006ApJ...653.1423M},
  adsnote = {Provided by the SAO/NASA Astrophysics Data System}
}

@ARTICLE{khm04,
   author = {{Kuiper}, L. and {Hermsen}, W. and {Mendez}, M.},
    title = "{Discovery of Hard Nonthermal Pulsed X-Ray Emission from the Anomalous X-Ray Pulsar 1E 1841-045}",
  journal = {\apj},
   eprint = {astro-ph/0404582},
 keywords = {Stars: Pulsars: Individual: Alphanumeric: 1E 1841-045, X-Rays: Stars},
     year = 2004,
    month = oct,
   volume = 613,
    pages = {1173-1178},
      doi = {10.1086/423129},
   adsurl = {http://adsabs.harvard.edu/abs/2004ApJ...613.1173K},
  adsnote = {Provided by the SAO/NASA Astrophysics Data System}
}

@ARTICLE{dhk+06,
   author = {{den Hartog}, P.~R. and {Hermsen}, W. and {Kuiper}, L. and {Vink}, J. and 
	{in't Zand}, J.~J.~M. and {Collmar}, W.},
    title = "{INTEGRAL survey of the Cassiopeia region in hard X rays}",
  journal = {\aap},
   eprint = {astro-ph/0601644},
 keywords = {stars: neutron, stars: supergiants, stars: white dwarfs, X-rays: binaries, X-rays: general, gamma rays: observations},
     year = 2006,
    month = may,
   volume = 451,
    pages = {587-602},
      doi = {10.1051/0004-6361:20054711},
   adsurl = {http://adsabs.harvard.edu/abs/2006A%26A...451..587D},
  adsnote = {Provided by the SAO/NASA Astrophysics Data System}
}

@ARTICLE{gmt+06,
   author = {{G{\"o}tz}, D. and {Mereghetti}, S. and {Tiengo}, A. and {Esposito}, P.
	},
    title = "{Magnetars as persistent hard X-ray sources: INTEGRAL discovery of a hard tail in SGR 1900+14}",
  journal = {\aap},
   eprint = {astro-ph/0602359},
 keywords = {gamma-rays: observations, pulsars: individual SGR 1900+14, pulsars: general},
     year = 2006,
    month = apr,
   volume = 449,
    pages = {L31-L34},
      doi = {10.1051/0004-6361:20064870},
   adsurl = {http://adsabs.harvard.edu/abs/2006A%26A...449L..31G},
  adsnote = {Provided by the SAO/NASA Astrophysics Data System}
}

@ARTICLE{flu94,
   author = {{Fenimore}, E.~E. and {Laros}, J.~G. and {Ulmer}, A.},
    title = "{The X-ray spectrum of the soft gamma repeater 1806-20}",
  journal = {\apj},
   eprint = {astro-ph/9405031},
 keywords = {Gamma Ray Bursts, Supernova Remnants, X Ray Astronomy, X Ray Spectra, International Sun Earth Explorer 3, Magnetic Fields, Photoelectric Effect},
     year = 1994,
    month = sep,
   volume = 432,
    pages = {742-752},
      doi = {10.1086/174612},
   adsurl = {http://adsabs.harvard.edu/abs/1994ApJ...432..742F},
  adsnote = {Provided by the SAO/NASA Astrophysics Data System}
}

@ARTICLE{fcm+04,
   author = {{Feroci}, M. and {Caliandro}, G.~A. and {Massaro}, E. and {Mereghetti}, S. and 
	{Woods}, P.~M.},
    title = "{Broadband X-Ray Spectra of Short Bursts from SGR 1900+14}",
  journal = {\apj},
   eprint = {astro-ph/0405104},
 keywords = {Stars: Individual: Alphanumeric: SGR 1900+14, Stars: Neutron, X-Rays: Bursts},
     year = 2004,
    month = sep,
   volume = 612,
    pages = {408-413},
      doi = {10.1086/422405},
   adsurl = {http://adsabs.harvard.edu/abs/2004ApJ...612..408F},
  adsnote = {Provided by the SAO/NASA Astrophysics Data System}
}

@ARTICLE{klc00,
   author = {{Kaspi}, V.~M. and {Lackey}, J.~R. and {Chakrabarty}, D.},
    title = "{A Glitch in an Anomalous X-Ray Pulsar}",
  journal = {\apjl},
   eprint = {astro-ph/0005326},
 keywords = {Stars: Pulsars: Individual: Alphanumeric: 1RXS J170849.0-400910, Stars: Neutron, X-Rays: Stars},
     year = 2000,
    month = jul,
   volume = 537,
    pages = {L31-L34},
      doi = {10.1086/312758},
   adsurl = {http://adsabs.harvard.edu/abs/2000ApJ...537L..31K},
  adsnote = {Provided by the SAO/NASA Astrophysics Data System}
}

@ARTICLE{kgw+03,
   author = {{Kaspi}, V.~M. and {Gavriil}, F.~P. and {Woods}, P.~M. and {Jensen}, J.~B. and 
	{Roberts}, M.~S.~E. and {Chakrabarty}, D.},
    title = "{A Major Soft Gamma Repeater-like Outburst and Rotation Glitch in the No-longer-so-anomalous X-Ray Pulsar 1E 2259+586}",
  journal = {\apjl},
   eprint = {astro-ph/0304205},
 keywords = {Stars: Pulsars: General, Stars: Pulsars: Individual: Alphanumeric: 1E 2259+586, X-Rays: General},
     year = 2003,
    month = may,
   volume = 588,
    pages = {L93-L96},
      doi = {10.1086/375683},
   adsurl = {http://adsabs.harvard.edu/abs/2003ApJ...588L..93K},
  adsnote = {Provided by the SAO/NASA Astrophysics Data System}
}

@ARTICLE{ret10,
   author = {{Rea}, N. and {Esposito}, P. and {Turolla}, R. and {Israel}, G.~L. and 
	{Zane}, S. and {Stella}, L. and {Mereghetti}, S. and {Tiengo}, A. and 
	{G{\"o}tz}, D. and {G{\"o}{\u g}{\"u}{\c s}}, E. and {Kouveliotou}, C.
	},
    title = "{A Low-Magnetic-Field Soft Gamma Repeater}",
  journal = {Science},
archivePrefix = "arXiv",
   eprint = {1010.2781},
 primaryClass = "astro-ph.HE",
     year = 2010,
    month = nov,
   volume = 330,
    pages = {944-},
      doi = {10.1126/science.1196088},
   adsurl = {http://adsabs.harvard.edu/abs/2010Sci...330..944R},
  adsnote = {Provided by the SAO/NASA Astrophysics Data System}
}

@ARTICLE{kv11,
   author = {{Kaplan}, D.~L. and {van Kerkwijk}, M.~H.},
    title = "{A Coherent Timing Solution for the Nearby, Thermally Emitting Isolated Neutron Star RX J0420.0-5022}",
  journal = {\apjl},
archivePrefix = "arXiv",
   eprint = {1109.2105},
 primaryClass = "astro-ph.HE",
 keywords = {stars: individual: RX J0420.0-5022, stars: neutron, X-rays: stars},
     year = 2011,
    month = oct,
   volume = 740,
      eid = {L30},
    pages = {L30},
      doi = {10.1088/2041-8205/740/1/L30},
   adsurl = {http://adsabs.harvard.edu/abs/2011ApJ...740L..30K},
  adsnote = {Provided by the SAO/NASA Astrophysics Data System}
}

@ARTICLE{ibs05,
   author = {{Israel}, G.~L. and {Belloni}, T. and {Stella}, L. and {Rephaeli}, Y. and 
	{Gruber}, D.~E. and {Casella}, P. and {Dall'Osso}, S. and {Rea}, N. and 
	{Persic}, M. and {Rothschild}, R.~E.},
    title = "{The Discovery of Rapid X-Ray Oscillations in the Tail of the SGR 1806-20 Hyperflare}",
  journal = {\apjl},
   eprint = {astro-ph/0505255},
 keywords = {Stars: Pulsars: Individual: Alphanumeric: SGR 1806-20, Stars: Flare, Stars: Neutron, Stars: Oscillations, X-Rays: Bursts},
     year = 2005,
    month = jul,
   volume = 628,
    pages = {L53-L56},
      doi = {10.1086/432615},
   adsurl = {http://adsabs.harvard.edu/abs/2005ApJ...628L..53I},
  adsnote = {Provided by the SAO/NASA Astrophysics Data System}
}

@ARTICLE{ws06,
   author = {{Watts}, A.~L. and {Strohmayer}, T.~E.},
    title = "{Detection with RHESSI of High-Frequency X-Ray Oscillations in the Tailof the 2004 Hyperflare from SGR 1806-20}",
  journal = {\apjl},
   eprint = {astro-ph/0512630},
 keywords = {Stars: Pulsars: Individual: Alphanumeric: SGR 1806-20, Stars: Magnetic Fields, Stars: Neutron, Stars: Oscillations, Stars: Rotation, X-Rays: Stars},
     year = 2006,
    month = feb,
   volume = 637,
    pages = {L117-L120},
      doi = {10.1086/500735},
   adsurl = {http://adsabs.harvard.edu/abs/2006ApJ...637L.117W},
  adsnote = {Provided by the SAO/NASA Astrophysics Data System}
}

@ARTICLE{sw05,
   author = {{Strohmayer}, T.~E. and {Watts}, A.~L.},
    title = "{Discovery of Fast X-Ray Oscillations during the 1998 Giant Flare from SGR 1900+14}",
  journal = {\apjl},
   eprint = {astro-ph/0508206},
 keywords = {Stars: Pulsars: Individual: Alphanumeric: SGR 1900+14, Stars: Magnetic Fields, Stars: Neutron, Stars: Oscillations, Stars: Rotation, X-Rays: Stars},
     year = 2005,
    month = oct,
   volume = 632,
    pages = {L111-L114},
      doi = {10.1086/497911},
   adsurl = {http://adsabs.harvard.edu/abs/2005ApJ...632L.111S},
  adsnote = {Provided by the SAO/NASA Astrophysics Data System}
}

@ARTICLE{tx11,
   author = {{Tong}, H. and {Xu}, R.-X.},
    title = "{Magnetars:. Fact or Fiction?}",
  journal = {International Journal of Modern Physics E},
archivePrefix = "arXiv",
   eprint = {1110.1975},
 primaryClass = "astro-ph.HE",
 keywords = {X-ray pulsar, soft gamma-ray, magnetar},
     year = 2011,
   volume = 20,
    pages = {15-24},
      doi = {10.1142/S0218301311040530},
   adsurl = {http://adsabs.harvard.edu/abs/2011IJMPE..20...15T},
  adsnote = {Provided by the SAO/NASA Astrophysics Data System}
}

@ARTICLE{td93,
   author = {{Thompson}, C. and {Duncan}, R.~C.},
    title = "{Neutron star dynamos and the origins of pulsar magnetism}",
  journal = {\apj},
 keywords = {Dynamo Theory, Neutron Stars, Pulsars, Stellar Convection, Stellar Magnetic Fields, Stellar Physics, Gamma Ray Bursts, Stellar Interiors, Supernovae},
     year = 1993,
    month = may,
   volume = 408,
    pages = {194-217},
      doi = {10.1086/172580},
   adsurl = {http://adsabs.harvard.edu/abs/1993ApJ...408..194T},
  adsnote = {Provided by the SAO/NASA Astrophysics Data System}
}

@ARTICLE{tsx11,
   author = {{Tong}, H. and {Song}, L.~M. and {Xu}, R.~X.},
    title = "{Anomalous X-Ray Pulsars and Soft Gamma-Ray Repeaters in the Outer Gap Model: Confronting Fermi Observations}",
  journal = {\apj},
archivePrefix = "arXiv",
   eprint = {1101.2289},
 primaryClass = "astro-ph.HE",
 keywords = {gamma rays: stars, pulsars: general, radiation mechanisms: non-thermal, stars: magnetars, stars: neutron},
     year = 2011,
    month = sep,
   volume = 738,
      eid = {31},
    pages = {31},
      doi = {10.1088/0004-637X/738/1/31},
   adsurl = {http://adsabs.harvard.edu/abs/2011ApJ...738...31T},
  adsnote = {Provided by the SAO/NASA Astrophysics Data System}
}

@ARTICLE{vk06,
   author = {{Vink}, J. and {Kuiper}, L.},
    title = "{Supernova remnant energetics and magnetars: no evidence in favour of millisecond proto-neutron stars}",
  journal = {\mnras},
   eprint = {astro-ph/0604187},
 keywords = {stars: magnetic fields , stars: neutron , ISM: supernova remnants , ISM: individual: N49 , ISM: individual: Kes 73 , ISM: individual: CTB 109},
     year = 2006,
    month = jul,
   volume = 370,
    pages = {L14-L18},
      doi = {10.1111/j.1745-3933.2006.00178.x},
   adsurl = {http://adsabs.harvard.edu/abs/2006MNRAS.370L..14V},
  adsnote = {Provided by the SAO/NASA Astrophysics Data System}
}

@ARTICLE{gsg+01,
   author = {{Gaensler}, B.~M. and {Slane}, P.~O. and {Gotthelf}, E.~V. and 
	{Vasisht}, G.},
    title = "{Anomalous X-Ray Pulsars and Soft Gamma-Ray Repeaters in Supernova Remnants}",
  journal = {\apj},
   eprint = {astro-ph/0104228},
 keywords = {Stars: Pulsars: General, Radio Continuum: ISM, Stars: Neutron, ISM: Supernova Remnants, X-Rays: Stars},
     year = 2001,
    month = oct,
   volume = 559,
    pages = {963-972},
      doi = {10.1086/322358},
   adsurl = {http://adsabs.harvard.edu/abs/2001ApJ...559..963G},
  adsnote = {Provided by the SAO/NASA Astrophysics Data System}
}

@ARTICLE{hcb+07,
   author = {{Helfand}, D.~J. and {Chatterjee}, S. and {Brisken}, W.~F. and 
	{Camilo}, F. and {Reynolds}, J. and {van Kerkwijk}, M.~H. and 
	{Halpern}, J.~P. and {Ransom}, S.~M.},
    title = "{VLBA Measurement of the Transverse Velocity of the Magnetar XTE J1810-197}",
  journal = {\apj},
   eprint = {astro-ph/0703336},
 keywords = {Stars: Pulsars: General, Stars: Individual: Alphanumeric: XTE J1810-197, Stars: Neutron, X-Rays: Stars},
     year = 2007,
    month = jun,
   volume = 662,
    pages = {1198-1203},
      doi = {10.1086/518028},
   adsurl = {http://adsabs.harvard.edu/abs/2007ApJ...662.1198H},
  adsnote = {Provided by the SAO/NASA Astrophysics Data System}
}

@ARTICLE{a01,
   author = {{Alpar}, M.~A.},
    title = "{On Young Neutron Stars as Propellers and Accretors with Conventional Magnetic Fields}",
  journal = {\apj},
   eprint = {astro-ph/0005211},
 keywords = {Accretion, Accretion Disks, Stars: Magnetic Fields, Stars: Neutron, Stars: Supernovae: General},
     year = 2001,
    month = jun,
   volume = 554,
    pages = {1245-1254},
      doi = {10.1086/321393},
   adsurl = {http://adsabs.harvard.edu/abs/2001ApJ...554.1245A},
  adsnote = {Provided by the SAO/NASA Astrophysics Data System}
}

@ARTICLE{chn00,
   author = {{Chatterjee}, P. and {Hernquist}, L. and {Narayan}, R.},
    title = "{An Accretion Model for Anomalous X-Ray Pulsars}",
  journal = {\apj},
   eprint = {astro-ph/9912137},
 keywords = {ACCRETION, ACCRETION DISKS, STARS: PULSARS: GENERAL, STARS: NEUTRON, X-RAYS: STARS},
     year = 2000,
    month = may,
   volume = 534,
    pages = {373-379},
      doi = {10.1086/308748},
   adsurl = {http://adsabs.harvard.edu/abs/2000ApJ...534..373C},
  adsnote = {Provided by the SAO/NASA Astrophysics Data System}
}

@ARTICLE{mcl+04,
   author = {{Molkov}, S.~V. and {Cherepashchuk}, A.~M. and {Lutovinov}, A.~A. and 
	{Revnivtsev}, M.~G. and {Postnov}, K.~A. and {Sunyaev}, R.~A.
	},
    title = "{A Hard X-ray Survey of the Sagittarius Arm Tangent with the IBIS Telescope of the INTEGRAL Observatory: A Catalog of Sources}",
  journal = {Astronomy Letters},
   eprint = {astro-ph/0402416},
     year = 2004,
    month = aug,
   volume = 30,
    pages = {534-539},
      doi = {10.1134/1.1784495},
   adsurl = {http://adsabs.harvard.edu/abs/2004AstL...30..534M},
  adsnote = {Provided by the SAO/NASA Astrophysics Data System}
}

@ARTICLE{khd+06,
   author = {{Kuiper}, L. and {Hermsen}, W. and {den Hartog}, P.~R. and {Collmar}, W.
	},
    title = "{Discovery of Luminous Pulsed Hard X-Ray Emission from Anomalous X-Ray Pulsars 1RXS J1708-4009, 4U 0142+61, and 1E 2259+586 by INTEGRAL and RXTE}",
  journal = {\apj},
   eprint = {astro-ph/0603467},
 keywords = {Stars: Pulsars: Individual: Alphanumeric: 1E 1048.1-5937, Stars: Pulsars: Individual: Alphanumeric: 1E 1841-045, Stars: Pulsars: Individual: Alphanumeric: 1E 2259+586, Stars: Pulsars: Individual: Alphanumeric: 1RXS J1708-4009, Stars: Pulsars: Individual: Alphanumeric: 4U 0142+61, X-Rays: Stars},
     year = 2006,
    month = jul,
   volume = 645,
    pages = {556-575},
      doi = {10.1086/504317},
   adsurl = {http://adsabs.harvard.edu/abs/2006ApJ...645..556K},
  adsnote = {Provided by the SAO/NASA Astrophysics Data System}
}

@ARTICLE{lwr08,
   author = {{Leyder}, J.-C. and {Walter}, R. and {Rauw}, G.},
    title = "{Hard X-ray emission from {$\eta$} Carinae}",
  journal = {\aap},
archivePrefix = "arXiv",
   eprint = {0712.1491},
 keywords = {gamma rays: observations, X-rays: binaries, X-rays: individuals: <ASTROBJ>{$\eta$} Car</ASTROBJ>, X-rays: individuals: <ASTROBJ>1E 1048.1-5937</ASTROBJ>, X-rays: individuals: <ASTROBJ>IGR J10447-6027</ASTROBJ>},
     year = 2008,
    month = jan,
   volume = 477,
    pages = {L29-L32},
      doi = {10.1051/0004-6361:20078981},
   adsurl = {http://adsabs.harvard.edu/abs/2008A%26A...477L..29L},
  adsnote = {Provided by the SAO/NASA Astrophysics Data System}
}

@ARTICLE{enm+10,
   author = {{Enoto}, T. and {Nakazawa}, K. and {Makishima}, K. and {Nakagawa}, Y.~E. and 
	{Sakamoto}, T. and {Ohno}, M. and {Takahashi}, T. and {Terada}, Y. and 
	{Yamaoka}, K. and {Murakami}, T. and {Takahashi}, H.},
    title = "{Suzaku Discovery of a Hard X-Ray Tail in the Persistent Spectra from the Magnetar 1E 1547.0-5408 during its 2009 Activity}",
  journal = {\pasj},
archivePrefix = "arXiv",
   eprint = {1002.3668},
 primaryClass = "astro-ph.HE",
 keywords = {stars: magnetic fields, X-rays: individual (1E 1547.0-5408), X-rays: stars},
     year = 2010,
    month = apr,
   volume = 62,
    pages = {475-},
      doi = {10.1093/pasj/62.2.475},
   adsurl = {http://adsabs.harvard.edu/abs/2010PASJ...62..475E},
  adsnote = {Provided by the SAO/NASA Astrophysics Data System}
}

@ARTICLE{emt+07,
   author = {{Esposito}, P. and {Mereghetti}, S. and {Tiengo}, A. and {Zane}, S. and 
	{Turolla}, R. and {G{\"o}tz}, D. and {Rea}, N. and {Kawai}, N. and 
	{Ueno}, M. and {Israel}, G.~L. and {Stella}, L. and {Feroci}, M.
	},
    title = "{SGR 1806-20 about two years after the giant flare: Suzaku, XMM-Newton and INTEGRAL observations}",
  journal = {\aap},
archivePrefix = "arXiv",
   eprint = {0710.2789},
 keywords = {pulsars: individual: SGR 1806-20, stars: neutron, X-rays: bursts},
     year = 2007,
    month = dec,
   volume = 476,
    pages = {321-330},
      doi = {10.1051/0004-6361:20078562},
   adsurl = {http://adsabs.harvard.edu/abs/2007A%26A...476..321E},
  adsnote = {Provided by the SAO/NASA Astrophysics Data System}
}

@ARTICLE{tb05,
   author = {{Thompson}, C. and {Beloborodov}, A.~M.},
    title = "{High-Energy Emission from Magnetars}",
  journal = {\apj},
   eprint = {astro-ph/0408538},
 keywords = {Stars: Neutron, X-Rays: Stars},
     year = 2005,
    month = nov,
   volume = 634,
    pages = {565-569},
      doi = {10.1086/432245},
   adsurl = {http://adsabs.harvard.edu/abs/2005ApJ...634..565T},
  adsnote = {Provided by the SAO/NASA Astrophysics Data System}
}

@ARTICLE{hh05,
   author = {{Heyl}, J.~S. and {Hernquist}, L.},
    title = "{A quantum electrodynamics model for non-thermal emission from soft gamma repeaters and anomalous X-ray pulsars}",
  journal = {\mnras},
   eprint = {astro-ph/0502349},
 keywords = {MHD, radiation mechanisms, non-thermal, pulsars, general},
     year = 2005,
    month = sep,
   volume = 362,
    pages = {777-783},
      doi = {10.1111/j.1365-2966.2005.09338.x},
   adsurl = {http://adsabs.harvard.edu/abs/2005MNRAS.362..777H},
  adsnote = {Provided by the SAO/NASA Astrophysics Data System}
}

@ARTICLE{bh07,
   author = {{Baring}, M.~G. and {Harding}, A.~K.},
    title = "{Resonant Compton upscattering in anomalous X-ray pulsars}",
  journal = {\apss},
   eprint = {astro-ph/0610382},
     year = 2007,
    month = apr,
   volume = 308,
    pages = {109-118},
      doi = {10.1007/s10509-007-9326-x},
   adsurl = {http://adsabs.harvard.edu/abs/2007Ap%26SS.308..109B},
  adsnote = {Provided by the SAO/NASA Astrophysics Data System}
}

@ARTICLE{tze+10,
   author = {{Tr{\"u}mper}, J.~E. and {Zezas}, A. and {Ertan}, {\"U}. and 
	{Kylafis}, N.~D.},
    title = "{The energy spectrum of anomalous X-ray pulsars and soft gamma-ray repeaters}",
  journal = {\aap},
archivePrefix = "arXiv",
   eprint = {1004.3391},
 primaryClass = "astro-ph.HE",
 keywords = {pulsars: individual: 1E 1841-045, pulsars: individual: 1RXS J1708-4009, pulsars: individual: 4U 0142+61, X-rays: stars, stars: magnetic fields},
     year = 2010,
    month = jul,
   volume = 518,
      eid = {A46},
    pages = {A46},
      doi = {10.1051/0004-6361/200911834},
   adsurl = {http://adsabs.harvard.edu/abs/2010A%26A...518A..46T},
  adsnote = {Provided by the SAO/NASA Astrophysics Data System}
}

@ARTICLE{gdl+14,
   author = {{Guo}, Y.-J. and {Dai}, S. and {Li}, Z.-S. and {Liu}, Y. and 
	{Tong}, H. and {Xu}, R.-X.},
    title = "{To understand the X-ray spectrum of anomalous X-ray pulsars and soft gamma-ray repeaters}",
  journal = {ArXiv e-prints},
archivePrefix = "arXiv",
   eprint = {1403.6739},
 primaryClass = "astro-ph.HE",
 keywords = {Astrophysics - High Energy Astrophysical Phenomena},
     year = 2014,
    month = mar,
   adsurl = {http://adsabs.harvard.edu/abs/2014arXiv1403.6739G},
  adsnote = {Provided by the SAO/NASA Astrophysics Data System}
}

@ARTICLE{lfmp02,
	author = {{Lamb}, R.~C. and {Fox}, D.~W. and {Macomb}, D.~J. and {Prince}, T.~A.
	},
	title = "{Discovery of a Possible Anomalous X-Ray Pulsar in the Small Magellanic Cloud}",
	journal = {\apjl},
	eprint = {astro-ph/0205310},
	keywords = {Galaxies: Individual: Name: Small Magellanic Cloud, Stars: Pulsars: General, Stars: Neutron, X-Rays: Stars},
	year = 2002,
	month = jul,
	volume = 574,
	pages = {L29-L32},
	doi = {10.1086/342352},
	adsurl = {http://adsabs.harvard.edu/abs/2002ApJ...574L..29L},
	adsnote = {Provided by the SAO/NASA Astrophysics Data System}
}

@ARTICLE{ms95,
	author = {{Mereghetti}, S. and {Stella}, L.},
	title = "{The very low mass X-ray binary pulsars: A new class of sources?}",
	journal = {\apjl},
	keywords = {Pulsars, Stellar Mass, Stellar Mass Accretion, Stellar Rotation, X Ray Binaries, Angular Velocity, Companion Stars, Stellar Evolution, Stellar Luminosity, Stellar Magnetic Fields},
	year = 1995,
	month = mar,
	volume = 442,
	pages = {L17-L20},
	doi = {10.1086/187805},
	adsurl = {http://adsabs.harvard.edu/abs/1995ApJ...442L..17M},
	adsnote = {Provided by the SAO/NASA Astrophysics Data System}
}

@ARTICLE{ims94,
	author = {{Israel}, G.~L. and {Mereghetti}, S. and {Stella}, L.},
	title = "{The discovery of 8.7 second pulsations from the ultrasoft X-ray source 4U 0142+61}",
	journal = {\apjl},
	eprint = {astro-ph/9407092},
	keywords = {Black Holes (Astronomy), Pulses, Spaceborne Astronomy, Stellar Models, Stellar Oscillations, Stellar Spectra, X Ray Astronomy, X Ray Binaries, Astronomical Spectroscopy, Exosat Satellite, Mathematical Models, Neutron Stars, Rosat Mission, X Ray Spectra},
	year = 1994,
	month = sep,
	volume = 433,
	pages = {L25-L28},
	doi = {10.1086/187539},
	adsurl = {http://adsabs.harvard.edu/abs/1994ApJ...433L..25I},
	adsnote = {Provided by the SAO/NASA Astrophysics Data System}
}

@ARTICLE{dv06a,
	author = {{Durant}, M. and {van Kerkwijk}, M.~H.},
	title = "{Distances to Anomalous X-Ray Pulsars Using Red Clump Stars}",
	journal = {\apj},
	eprint = {astro-ph/0606027},
	keywords = {ISM: Dust, Extinction, Stars: Pulsars: General, Stars: Distances},
	year = 2006,
	month = oct,
	volume = 650,
	pages = {1070-1081},
	doi = {10.1086/506380},
	adsurl = {http://adsabs.harvard.edu/abs/2006ApJ...650.1070D},
	adsnote = {Provided by the SAO/NASA Astrophysics Data System}
}

@ARTICLE{gg07,
	author = {{Gelfand}, J.~D. and {Gaensler}, B.~M.},
	title = "{The Compact X-Ray Source 1E 1547.0-5408 and the Radio Shell G327.24-0.13: A New Proposed Association between a Candidate Magnetar and a Candidate Supernova Remnant}",
	journal = {\apj},
	archivePrefix = "arXiv",
	eprint = {0706.1054},
	keywords = {ISM: individual (G327.24-0.13), Stars: Neutron, ISM: Supernova Remnants, X-rays: individual (1E 1547.0-5408), X-Rays: Stars},
	year = 2007,
	month = oct,
	volume = 667,
	pages = {1111-1118},
	doi = {10.1086/520526},
	adsurl = {http://adsabs.harvard.edu/abs/2007ApJ...667.1111G},
	adsnote = {Provided by the SAO/NASA Astrophysics Data System}
}

@ARTICLE{hgr+08,
	author = {{Halpern}, J.~P. and {Gotthelf}, E.~V. and {Reynolds}, J. and 
		{Ransom}, S.~M. and {Camilo}, F.},
	title = "{Outburst of the 2 s Anomalous X-Ray Pulsar 1E 1547.0-5408}",
	journal = {\apj},
	archivePrefix = "arXiv",
	eprint = {0711.3780},
	keywords = {ISM: individual (G327.24-0.13), pulsars: individual (1E 1547.0-5408), pulsars: individual (PSR J1550-5418), Stars: Pulsars: Individual: Alphanumeric: XTE J1810-197, Stars: Neutron},
	year = 2008,
	month = apr,
	volume = 676,
	pages = {1178-1183},
	doi = {10.1086/527293},
	adsurl = {http://adsabs.harvard.edu/abs/2008ApJ...676.1178H},
	adsnote = {Provided by the SAO/NASA Astrophysics Data System}
}

@ARTICLE{ccr+07,
	author = {{Camilo}, F. and {Cognard}, I. and {Ransom}, S.~M. and {Halpern}, J.~P. and 
		{Reynolds}, J. and {Zimmerman}, N. and {Gotthelf}, E.~V. and 
		{Helfand}, D.~J. and {Demorest}, P. and {Theureau}, G. and {Backer}, D.~C.
	},
	title = "{The Magnetar XTE J1810-197: Variations in Torque, Radio Flux Density, and Pulse Profile Morphology}",
	journal = {\apj},
	eprint = {astro-ph/0610685},
	keywords = {Stars: Pulsars: Individual: Alphanumeric: XTE J1810-197, Stars: Neutron},
	year = 2007,
	month = jul,
	volume = 663,
	pages = {497-504},
	doi = {10.1086/518226},
	adsurl = {http://adsabs.harvard.edu/abs/2007ApJ...663..497C},
	adsnote = {Provided by the SAO/NASA Astrophysics Data System}
}

@ARTICLE{mcc+06,
	author = {{Muno}, M.~P. and {Clark}, J.~S. and {Crowther}, P.~A. and {Dougherty}, S.~M. and 
		{de Grijs}, R. and {Law}, C. and {McMillan}, S.~L.~W. and {Morris}, M.~R. and 
		{Negueruela}, I. and {Pooley}, D. and {Portegies Zwart}, S. and 
		{Yusef-Zadeh}, F.},
	title = "{A Neutron Star with a Massive Progenitor in Westerlund 1}",
	journal = {\apjl},
	eprint = {astro-ph/0509408},
	keywords = {open clusters and associations: individual (Westerlund 1), Stars: Neutron, X-Rays: Stars},
	year = 2006,
	month = jan,
	volume = 636,
	pages = {L41-L44},
	doi = {10.1086/499776},
	adsurl = {http://adsabs.harvard.edu/abs/2006ApJ...636L..41M},
	adsnote = {Provided by the SAO/NASA Astrophysics Data System}
}

@ARTICLE{mcc+07,
	author = {{Muno}, M.~P. and {Gaensler}, B.~M. and {Clark}, J.~S. and {de Grijs}, R. and 
		{Pooley}, D. and {Stevens}, I.~R. and {Portegies Zwart}, S.~F.
	},
	title = "{Exciting the magnetosphere of the magnetar CXOU J164710.2-455216 in Westerlund 1}",
	journal = {\mnras},
	archivePrefix = "arXiv",
	eprint = {0704.1630},
	keywords = {stars: magnetic fields, stars: neutron, pulsars: individual: CXOU J164710.2-455216, X-rays: bursts},
	year = 2007,
	month = jun,
	volume = 378,
	pages = {L44-L48},
	doi = {10.1111/j.1745-3933.2007.00317.x},
	adsurl = {http://adsabs.harvard.edu/abs/2007MNRAS.378L..44M},
	adsnote = {Provided by the SAO/NASA Astrophysics Data System}
}

@ARTICLE{kd07,
	author = {{Kothes}, R. and {Dougherty}, S.~M.},
	title = "{The distance and neutral environment of the massive stellar cluster Westerlund 1}",
	journal = {\aap},
	archivePrefix = "arXiv",
	eprint = {0704.3073},
	keywords = {Galaxy: open clusters and associations: individual: Westerlund 1, ISM: bubbles, stars: winds, outflows, ISM: H II regions, ISM: supernova remnants},
	year = 2007,
	month = jun,
	volume = 468,
	pages = {993-1000},
	doi = {10.1051/0004-6361:20077309},
	adsurl = {http://adsabs.harvard.edu/abs/2007A%26A...468..993K},
	adsnote = {Provided by the SAO/NASA Astrophysics Data System}
}

@ARTICLE{snt+97,
	author = {{Sugizaki}, M. and {Nagase}, F. and {Torii}, K. and {Kinugasa}, K. and 
		{Asanuma}, T. and {Matsuzaki}, K. and {Koyama}, K. and {Yamauchi}, S.
	},
	title = "{Discovery of an 11-s X-Ray Pulsar in the Galactic-Plane Section of the Scorpius Constellation}",
	journal = {\pasj},
	keywords = {PULSARS, STARS: INDIVIDUAL (1RXS J1708490-400910), STARS: NEUTRON, X-RAY: SOURCES},
	year = 1997,
	month = oct,
	volume = 49,
	pages = {L25-L30},
	doi = {10.1093/pasj/49.5.L25},
	adsurl = {http://adsabs.harvard.edu/abs/1997PASJ...49L..25S},
	adsnote = {Provided by the SAO/NASA Astrophysics Data System}
}

@ARTICLE{ims+04,
	author = {{Ibrahim}, A.~I. and {Markwardt}, C.~B. and {Swank}, J.~H. and 
		{Ransom}, S. and {Roberts}, M. and {Kaspi}, V. and {Woods}, P.~M. and 
		{Safi-Harb}, S. and {Balman}, S. and {Parke}, W.~C. and {Kouveliotou}, C. and 
		{Hurley}, K. and {Cline}, T.},
	title = "{Discovery of a Transient Magnetar: XTE J1810-197}",
	journal = {\apjl},
	eprint = {astro-ph/0310665},
	keywords = {Stars: Pulsars: General, Stars: Pulsars: Individual: Alphanumeric: XTE J1810-197, Stars: Magnetic Fields, Stars: Neutron, X-Rays: Stars},
	year = 2004,
	month = jul,
	volume = 609,
	pages = {L21-L24},
	doi = {10.1086/422636},
	adsurl = {http://adsabs.harvard.edu/abs/2004ApJ...609L..21I},
	adsnote = {Provided by the SAO/NASA Astrophysics Data System}
}

@ARTICLE{vg97,
	author = {{Vasisht}, G. and {Gotthelf}, E.~V.},
	title = "{The Discovery of an Anomalous X-Ray Pulsar in the Supernova Remnant Kes 73}",
	journal = {\apjl},
	eprint = {astro-ph/9706058},
	keywords = {STARS: NEUTRON, STARS: PULSARS: INDIVIDUAL ALPHANUMERIC: 1E 1841-045, ISM: INDIVIDUAL NAME: KESTEVEN 73, ISM: MAGNETIC FIELDS, ISM: SUPERNOVA REMNANTS, ISM: Individual: Name: Kesteven 73, Stars: Pulsars: Individual: Alphanumeric: 1E 1841-045, Stars: Magnetic Fields, Stars: Neutron, ISM: Supernova Remnants},
	year = 1997,
	month = sep,
	volume = 486,
	pages = {L129-L132},
	doi = {10.1086/310843},
	adsurl = {http://adsabs.harvard.edu/abs/1997ApJ...486L.129V},
	adsnote = {Provided by the SAO/NASA Astrophysics Data System}
}

@ARTICLE{tl08,
	author = {{Tian}, W.~W. and {Leahy}, D.~A.},
	title = "{The Distance and Age of the Supernova Remnants Kes 73 and AXP 1E 1841-045}",
	journal = {\apj},
	archivePrefix = "arXiv",
	eprint = {0709.4667},
	keywords = {Galaxy: Structure, ISM: H II Regions, ISM: Atoms, ISM: Supernova Remnants},
	year = 2008,
	month = apr,
	volume = 677,
	pages = {292-296},
	doi = {10.1086/529120},
	adsurl = {http://adsabs.harvard.edu/abs/2008ApJ...677..292T},
	adsnote = {Provided by the SAO/NASA Astrophysics Data System}
}

@ARTICLE{tkk+98,
	author = {{Torii}, K. and {Kinugasa}, K. and {Katayama}, K. and {Tsunemi}, H. and 
		{Yamauchi}, S.},
	title = "{Discovery of a 7 Second X-Ray Pulsar, AX J1845.0-0300}",
	journal = {\apj},
	keywords = {X-RAYS: STARS, STARS: PULSARS: INDIVIDUAL ALPHANUMERIC: AX J1845.0-, 300, STARS: NEUTRON, Stars: Pulsars: Individual: Alphanumeric: AX J1845.0-0300, Stars: Neutron, X-Rays: Stars},
	year = 1998,
	month = aug,
	volume = 503,
	pages = {843-847},
	doi = {10.1086/306038},
	adsurl = {http://adsabs.harvard.edu/abs/1998ApJ...503..843T},
	adsnote = {Provided by the SAO/NASA Astrophysics Data System}
}

@ARTICLE{cdp+80,
	author = {{Cline}, T.~L. and {Desai}, U.~D. and {Pizzichini}, G. and {Teegarden}, B.~J. and 
		{Evans}, W.~D. and {Klebesadel}, R.~W. and {Laros}, J.~G. and 
		{Hurley}, K. and {Niel}, M. and {Vedrenne}, G.},
	title = "{Detection of a fast, intense and unusual gamma-ray transient}",
	journal = {\apjl},
	keywords = {Extraterrestrial Radiation, Gamma Ray Astronomy, Pulsed Radiation, Spaceborne Astronomy, Bursts, Gamma Ray Spectra, Helios 2},
	year = 1980,
	month = apr,
	volume = 237,
	pages = {L1-L5},
	doi = {10.1086/183221},
	adsurl = {http://adsabs.harvard.edu/abs/1980ApJ...237L...1C},
	adsnote = {Provided by the SAO/NASA Astrophysics Data System}
}

@ARTICLE{rkl94,
	author = {{Rothschild}, R.~E. and {Kulkarni}, S.~R. and {Lingenfelter}, R.~E.
	},
	title = "{Discovery of an X-ray source coincident with the soft {$\gamma$}-ray repeater 0525 - 66}",
	journal = {\nat},
	year = 1994,
	month = mar,
	volume = 368,
	pages = {432-434},
	doi = {10.1038/368432a0},
	adsurl = {http://adsabs.harvard.edu/abs/1994Natur.368..432R},
	adsnote = {Provided by the SAO/NASA Astrophysics Data System}
}

@ARTICLE{wkv+99,
	author = {{Woods}, P.~M. and {Kouveliotou}, C. and {van Paradijs}, J. and 
		{Hurley}, K. and {Kippen}, R.~M. and {Finger}, M.~H. and {Briggs}, M.~S. and 
		{Dieters}, S. and {Fishman}, G.~J.},
	title = "{Discovery of a New Soft Gamma Repeater, SGR 1627-41}",
	journal = {\apjl},
	eprint = {astro-ph/9903267},
	keywords = {STARS: INDIVIDUAL: ALPHANUMERIC: SAX J1635.8-4736, STARS: INDIVIDUAL: ALPHANUMERIC: SGR 1627-41, STARS: NEUTRON, X-RAYS: BURSTS, Stars: Individual: Alphanumeric: SAX J1635.8-4736, Stars: Individual: Alphanumeric: SGR 1627-41, Stars: Neutron, X-Rays: Bursts},
	year = 1999,
	month = jul,
	volume = 519,
	pages = {L139-L142},
	doi = {10.1086/312124},
	adsurl = {http://adsabs.harvard.edu/abs/1999ApJ...519L.139W},
	adsnote = {Provided by the SAO/NASA Astrophysics Data System}
}

@ARTICLE{ccdd99,
	author = {{Corbel}, S. and {Chapuis}, C. and {Dame}, T.~M. and {Durouchoux}, P.
	},
	title = "{The Distance to the Soft Gamma Repeater SGR 1627-41}",
	journal = {\apjl},
	eprint = {astro-ph/9909334},
	year = 1999,
	month = nov,
	volume = 526,
	pages = {L29-L32},
	doi = {10.1086/312359},
	adsurl = {http://adsabs.harvard.edu/abs/1999ApJ...526L..29C},
	adsnote = {Provided by the SAO/NASA Astrophysics Data System}
}

@ARTICLE{lff+86,
	author = {{Laros}, J.~G. and {Fenimore}, E.~E. and {Fikani}, M.~M. and 
		{Klebesadel}, R.~W. and {Barat}, C.},
	title = "{The soft gamma-ray burst GB790107}",
	journal = {\nat},
	keywords = {Extraterrestrial Radiation, Gamma Ray Bursts, Energy Spectra, Spectral Energy Distribution, Temporal Distribution, Venera 11 Satellite, Venera 12 Satellite},
	year = 1986,
	month = jul,
	volume = 322,
	pages = {152},
	doi = {10.1038/322152a0},
	adsurl = {http://adsabs.harvard.edu/abs/1986Natur.322..152L},
	adsnote = {Provided by the SAO/NASA Astrophysics Data System}
}
				
@ARTICLE{kds+98,
	author = {{Kouveliotou}, C. and {Dieters}, S. and {Strohmayer}, T. and 
		{van Paradijs}, J. and {Fishman}, G.~J. and {Meegan}, C.~A. and 
		{Hurley}, K. and {Kommers}, J. and {Smith}, I. and {Frail}, D. and 
		{Murakami}, T.},
	title = "{An X-ray pulsar with a superstrong magnetic field in the soft {$\gamma$}-ray repeater SGR1806 - 20}",
	journal = {\nat},
	year = 1998,
	month = may,
	volume = 393,
	pages = {235-237},
	doi = {10.1038/30410},
	adsurl = {http://adsabs.harvard.edu/abs/1998Natur.393..235K},
	adsnote = {Provided by the SAO/NASA Astrophysics Data System}
}

@ARTICLE{ce04,
	author = {{Corbel}, S. and {Eikenberry}, S.~S.},
	title = "{The connection between W31, SGR 1806-20, and LBV 1806-20: Distance, extinction, and structure}",
	journal = {\aap},
	eprint = {astro-ph/0311313},
	keywords = {stars: neutron, stars: individual: SGR 1806-20, stars: individual: LBV 1806-20, ISM: individual: W31, Galaxy: structure, Galaxy: kinematics and dynamics},
	year = 2004,
	month = may,
	volume = 419,
	pages = {191-201},
	doi = {10.1051/0004-6361:20034054},
	adsurl = {http://adsabs.harvard.edu/abs/2004A%26A...419..191C},
	adsnote = {Provided by the SAO/NASA Astrophysics Data System}
}

@ARTICLE{hkw+99,
	author = {{Hurley}, K. and {Kouveliotou}, C. and {Woods}, P. and {Cline}, T. and 
		{Butterworth}, P. and {Mazets}, E. and {Golenetskii}, S. and 
		{Frederics}, D.},
	title = "{Reactivation and Precise Interplanetary Network Localization of the Soft Gamma Repeater SGR 1900+14}",
	journal = {\apjl},
	eprint = {astro-ph/9811411},
	keywords = {GAMMA RAYS: BURSTS, STARS: NEUTRON, ISM: SUPERNOVA REMNANTS, Gamma Rays: Bursts, Stars: Neutron, ISM: Supernova Remnants},
	year = 1999,
	month = jan,
	volume = 510,
	pages = {L107-L109},
	doi = {10.1086/311821},
	adsurl = {http://adsabs.harvard.edu/abs/1999ApJ...510L.107H},
	adsnote = {Provided by the SAO/NASA Astrophysics Data System}
}

@ARTICLE{vhl+00,
	author = {{Vrba}, F.~J. and {Henden}, A.~A. and {Luginbuhl}, C.~B. and 
		{Guetter}, H.~H. and {Hartmann}, D.~H. and {Klose}, S.},
	title = "{The Discovery of an Embedded Cluster of High-Mass Stars near SGR 1900+14}",
	journal = {\apjl},
	eprint = {astro-ph/0002530},
	keywords = {GALAXIES: STAR CLUSTERS, GAMMA RAYS: BURSTS, GAMMA RAYS: OBSERVATIONS},
	year = 2000,
	month = apr,
	volume = 533,
	pages = {L17-L20},
	doi = {10.1086/312602},
	adsurl = {http://adsabs.harvard.edu/abs/2000ApJ...533L..17V},
	adsnote = {Provided by the SAO/NASA Astrophysics Data System}
}

