% vim:ts=4:sw=4

@article{test-en,
	author = {Author},
	title = {Title},
	type = {J},
	journal = {Journal},
	date = {2014-04-01},
	language = {english},
}

@article{test-zh,
	author = {作者},
	title = {标题},
	type = {J},
	journal = {期刊},
	date = {2014-04-01},
	language = {chinese},
}

@ARTICLE{Antoniadis,
   author = {{Antoniadis}, J. and {Freire}, P.~C.~C. and {Wex}, N. and {Tauris}, T.~M. and 
	{Lynch}, R.~S. and {van Kerkwijk}, M.~H. and {Kramer}, M. and 
	{Bassa}, C. and {Dhillon}, V.~S. and {Driebe}, T. and {Hessels}, J.~W.~T. and 
	{Kaspi}, V.~M. and {Kondratiev}, V.~I. and {Langer}, N. and 
	{Marsh}, T.~R. and {McLaughlin}, M.~A. and {Pennucci}, T.~T. and 
	{Ransom}, S.~M. and {Stairs}, I.~H. and {van Leeuwen}, J. and 
	{Verbiest}, J.~P.~W. and {Whelan}, D.~G.},
    title = "{A Massive Pulsar in a Compact Relativistic Binary}",
  journal = {Science},
archivePrefix = "arXiv",
   eprint = {1304.6875},
 primaryClass = "astro-ph.HE",
 keywords = {Pulsars, Neutron Stars, General relativity,  Tests of General relativity, Gravitational Radiation,  Stellar evolution},
     year = 2013,
    month = apr,
   volume = 340,
    pages = {448},
      doi = {10.1126/science.1233232},
   adsurl = {http://adsabs.harvard.edu/abs/2013Sci...340..448A},
  adsnote = {Provided by the SAO/NASA Astrophysics Data System}
}

@ARTICLE{Kramer06,
   author = {{Kramer}, M. and {Stairs}, I.~H. and {Manchester}, R.~N. and 
	{McLaughlin}, M.~A. and {Lyne}, A.~G. and {Ferdman}, R.~D. and 
	{Burgay}, M. and {Lorimer}, D.~R. and {Possenti}, A. and {D'Amico}, N. and 
	{Sarkissian}, J.~M. and {Hobbs}, G.~B. and {Reynolds}, J.~E. and 
	{Freire}, P.~C.~C. and {Camilo}, F.},
    title = "{Tests of General Relativity from Timing the Double Pulsar}",
  journal = {Science},
   eprint = {astro-ph/0609417},
     year = 2006,
    month = oct,
   volume = 314,
    pages = {97-102},
      doi = {10.1126/science.1132305},
   adsurl = {http://adsabs.harvard.edu/abs/2006Sci...314...97K},
  adsnote = {Provided by the SAO/NASA Astrophysics Data System}
}

@ARTICLE{Wolszczan,
   author = {{Wolszczan}, A. and {Frail}, D.~A.},
    title = "{A planetary system around the millisecond pulsar PSR1257 + 12}",
  journal = {\nat},
 keywords = {Binary Stars, Extrasolar Planets, Orbital Mechanics, Planetary Systems, Pulsars, Accretion Disks, Least Squares Method, Neutron Stars, Radio Astronomy, Supernova Remnants},
     year = 1992,
    month = jan,
   volume = 355,
    pages = {145-147},
      doi = {10.1038/355145a0},
   adsurl = {http://adsabs.harvard.edu/abs/1992Natur.355..145W},
  adsnote = {Provided by the SAO/NASA Astrophysics Data System}
}

@ARTICLE{Champion10,
   author = {{Champion}, D.~J. and {Hobbs}, G.~B. and {Manchester}, R.~N. and 
	{Edwards}, R.~T. and {Backer}, D.~C. and {Bailes}, M. and {Bhat}, N.~D.~R. and 
	{Burke-Spolaor}, S. and {Coles}, W. and {Demorest}, P.~B. and 
	{Ferdman}, R.~D. and {Folkner}, W.~M. and {Hotan}, A.~W. and 
	{Kramer}, M. and {Lommen}, A.~N. and {Nice}, D.~J. and {Purver}, M.~B. and 
	{Sarkissian}, J.~M. and {Stairs}, I.~H. and {van Straten}, W. and 
	{Verbiest}, J.~P.~W. and {Yardley}, D.~R.~B.},
    title = "{Measuring the Mass of Solar System Planets Using Pulsar Timing}",
  journal = {\apjl},
archivePrefix = "arXiv",
   eprint = {1008.3607},
 primaryClass = "astro-ph.EP",
 keywords = {planets and satellites: general, planets and satellites: individual: Jupiter, pulsars: general},
     year = 2010,
    month = sep,
   volume = 720,
    pages = {L201-L205},
      doi = {10.1088/2041-8205/720/2/L201},
   adsurl = {http://adsabs.harvard.edu/abs/2010ApJ...720L.201C},
  adsnote = {Provided by the SAO/NASA Astrophysics Data System}
}

@ARTICLE{Shannon13b,
   author = {{Shannon}, R.~M. and {Ravi}, V. and {Coles}, W.~A. and {Hobbs}, G. and 
	{Keith}, M.~J. and {Manchester}, R.~N. and {Wyithe}, J.~S.~B. and 
	{Bailes}, M. and {Bhat}, N.~D.~R. and {Burke-Spolaor}, S. and 
	{Khoo}, J. and {Levin}, Y. and {Oslowski}, S. and {Sarkissian}, J.~M. and 
	{van Straten}, W. and {Verbiest}, J.~P.~W. and {Want}, J.-B.
	},
    title = "{Gravitational-wave limits from pulsar timing constrain supermassive black hole evolution.}",
  journal = {Science},
archivePrefix = "arXiv",
   eprint = {1310.4569},
 primaryClass = "astro-ph.CO",
     year = 2013,
    month = oct,
   volume = 342,
    pages = {334-337},
   adsurl = {http://adsabs.harvard.edu/abs/2013Sci...342..334S},
  adsnote = {Provided by the SAO/NASA Astrophysics Data System}
}

@ARTICLE{Shannon12,
   author = {{Shannon}, R.~M. and {Cordes}, J.~M.},
    title = "{Pulse Intensity Modulation and the Timing Stability of Millisecond Pulsars: A Case Study of PSR J1713+0747}",
  journal = {\apj},
archivePrefix = "arXiv",
   eprint = {1210.7021},
 primaryClass = "astro-ph.SR",
 keywords = {gravitational waves, methods: statistical, pulsars: general, pulsars: individual: PSR J1713+0747 },
     year = 2012,
    month = dec,
   volume = 761,
      eid = {64},
    pages = {64},
      doi = {10.1088/0004-637X/761/1/64},
   adsurl = {http://adsabs.harvard.edu/abs/2012ApJ...761...64S},
  adsnote = {Provided by the SAO/NASA Astrophysics Data System}
}

@ARTICLE{Liu12,
   author = {{Liu}, K. and {Keane}, E.~F. and {Lee}, K.~J. and {Kramer}, M. and 
	{Cordes}, J.~M. and {Purver}, M.~B.},
    title = "{Profile-shape stability and phase-jitter analyses of millisecond pulsars}",
  journal = {\mnras},
archivePrefix = "arXiv",
   eprint = {1110.4759},
 primaryClass = "astro-ph.HE",
 keywords = {methods: data analysis, pulsars: general},
     year = 2012,
    month = feb,
   volume = 420,
    pages = {361-368},
      doi = {10.1111/j.1365-2966.2011.20041.x},
   adsurl = {http://adsabs.harvard.edu/abs/2012MNRAS.420..361L},
  adsnote = {Provided by the SAO/NASA Astrophysics Data System}
}

@ARTICLE{Oslowski11,
   author = {{Os{\l}owski}, S. and {van Straten}, W. and {Hobbs}, G.~B. and 
	{Bailes}, M. and {Demorest}, P.},
    title = "{High signal-to-noise ratio observations and the ultimate limits of precision pulsar timing}",
  journal = {\mnras},
archivePrefix = "arXiv",
   eprint = {1108.0812},
 primaryClass = "astro-ph.GA",
 keywords = {pulsars: general, pulsars: individual: PSR J0437-4715},
     year = 2011,
    month = dec,
   volume = 418,
    pages = {1258-1271},
      doi = {10.1111/j.1365-2966.2011.19578.x},
   adsurl = {http://adsabs.harvard.edu/abs/2011MNRAS.418.1258O},
  adsnote = {Provided by the SAO/NASA Astrophysics Data System}
}

@ARTICLE{Oslowski13,
   author = {{Os{\l}owski}, S. and {van Straten}, W. and {Demorest}, P. and 
	{Bailes}, M.},
    title = "{Improving the precision of pulsar timing through polarization statistics}",
  journal = {\mnras},
archivePrefix = "arXiv",
   eprint = {1301.2374},
 primaryClass = "astro-ph.IM",
 keywords = {methods: statistical, pulsars: general, pulsars: individual: PSR J0437-4715},
     year = 2013,
    month = mar,
   volume = 430,
    pages = {416-424},
      doi = {10.1093MNRAS/sts662},
   adsurl = {http://adsabs.harvard.edu/abs/2013MNRAS.430..416O},
  adsnote = {Provided by the SAO/NASA Astrophysics Data System}
}

@ARTICLE{Shannon10,
   author = {{Shannon}, R.~M. and {Cordes}, J.~M.},
    title = "{Assessing the Role of Spin Noise in the Precision Timing of Millisecond Pulsars}",
  journal = {\apj},
archivePrefix = "arXiv",
   eprint = {1010.4794},
 primaryClass = "astro-ph.SR",
 keywords = {gravitational waves, pulsars: general, pulsars: individual: PSR B1937+21, stars: neutron},
     year = 2010,
    month = dec,
   volume = 725,
    pages = {1607-1619},
      doi = {10.1088/0004-637X/725/2/1607},
   adsurl = {http://adsabs.harvard.edu/abs/2010ApJ...725.1607S},
  adsnote = {Provided by the SAO/NASA Astrophysics Data System}
}

@ARTICLE{Cordes10,
   author = {{Cordes}, J.~M. and {Shannon}, R.~M.},
    title = "{A Measurement Model for Precision Pulsar Timing}",
  journal = {preprint (arXiv:1010.3785)},
archivePrefix = "arXiv",
   eprint = {1010.3785},
 primaryClass = "astro-ph.IM",
 keywords = {Astrophysics - Instrumentation and Methods for Astrophysics, Astrophysics - Galaxy Astrophysics},
     year = 2010,
    month = oct,
   adsurl = {http://adsabs.harvard.edu/abs/2010arXiv1010.3785C},
  adsnote = {Provided by the SAO/NASA Astrophysics Data System}
}

@ARTICLE{Cordes90,
   author = {{Cordes}, J.~M. and {Wolszczan}, A. and {Dewey}, R.~J. and {Blaskiewicz}, M. and 
	{Stinebring}, D.~R.},
    title = "{Timing and scintillations of the millisecond pulsar 1937 + 214}",
  journal = {\apj},
 keywords = {Interstellar Matter, Pulsars, Pulse Duration, Scintillation, Electron Density (Concentration), Power Spectra, Stellar Oscillations},
     year = 1990,
    month = jan,
   volume = 349,
    pages = {245-261},
      doi = {10.1086/168310},
   adsurl = {http://adsabs.harvard.edu/abs/1990ApJ...349..245C},
  adsnote = {Provided by the SAO/NASA Astrophysics Data System}
}

@ARTICLE{Keith13,
   author = {{Keith}, M.~J. and {Coles}, W. and {Shannon}, R.~M. and {Hobbs}, G.~B. and 
	{Manchester}, R.~N. and {Bailes}, M. and {Bhat}, N.~D.~R. and 
	{Burke-Spolaor}, S. and {Champion}, D.~J. and {Chaudhary}, A. and 
	{Hotan}, A.~W. and {Khoo}, J. and {Kocz}, J. and {Os{\l}owski}, S. and 
	{Ravi}, V. and {Reynolds}, J.~E. and {Sarkissian}, J. and {van Straten}, W. and 
	{Yardley}, D.~R.~B.},
    title = "{Measurement and correction of variations in interstellar dispersion in high-precision pulsar timing}",
  journal = {\mnras},
archivePrefix = "arXiv",
   eprint = {1211.5887},
 primaryClass = "astro-ph.GA",
 keywords = {methods: data analysis, pulsars: general, ISM: structure},
     year = 2013,
    month = mar,
   volume = 429,
    pages = {2161-2174},
      doi = {10.1093MNRAS/sts486},
   adsurl = {http://adsabs.harvard.edu/abs/2013MNRAS.429.2161K},
  adsnote = {Provided by the SAO/NASA Astrophysics Data System}
}

@ARTICLE{Kramer99,
   author = {{Kramer}, M. and {Lange}, C. and {Lorimer}, D.~R. and {Backer}, D.~C. and 
	{Xilouris}, K.~M. and {Jessner}, A. and {Wielebinski}, R.},
    title = "{The Characteristics of Millisecond Pulsar Emission. III. From Low to High Frequencies}",
  journal = {\apj},
   eprint = {astro-ph/9906442},
 keywords = {POLARIZATION, STARS: PULSARS: GENERAL, RADIATION MECHANISMS: NONTHERMAL, RADIO CONTINUUM: STARS, STARS: EVOLUTION},
     year = 1999,
    month = dec,
   volume = 526,
    pages = {957-975},
      doi = {10.1086/308042},
   adsurl = {http://adsabs.harvard.edu/abs/1999ApJ...526..957K},
  adsnote = {Provided by the SAO/NASA Astrophysics Data System}
}

@ARTICLE{Yan11a,
   author = {{Yan}, W.~M. and {Manchester}, R.~N. and {van Straten}, W. and 
	{Reynolds}, J.~E. and {Hobbs}, G. and {Wang}, N. and {Bailes}, M. and 
	{Bhat}, N.~D.~R. and {Burke-Spolaor}, S. and {Champion}, D.~J. and 
	{Coles}, W.~A. and {Hotan}, A.~W. and {Khoo}, J. and {Oslowski}, S. and 
	{Sarkissian}, J.~M. and {Verbiest}, J.~P.~W. and {Yardley}, D.~R.~B.
	},
    title = "{Polarization observations of 20 millisecond pulsars}",
  journal = {\mnras},
archivePrefix = "arXiv",
   eprint = {1102.2274},
 primaryClass = "astro-ph.SR",
 keywords = {polarization, pulsars: general, radio continuum: stars},
     year = 2011,
    month = jul,
   volume = 414,
    pages = {2087-2100},
      doi = {10.1111/j.1365-2966.2011.18522.x},
   adsurl = {http://adsabs.harvard.edu/abs/2011MNRAS.414.2087Y},
  adsnote = {Provided by the SAO/NASA Astrophysics Data System}
}

@ARTICLE{Manchester13,
   author = {{Manchester}, R.~N. and {Hobbs}, G. and {Bailes}, M. and {Coles}, W.~A. and 
	{van Straten}, W. and {Keith}, M.~J. and {Shannon}, R.~M. and 
	{Bhat}, N.~D.~R. and {Brown}, A. and {Burke-Spolaor}, S.~G. and 
	{Champion}, D.~J. and {Chaudhary}, A. and {Edwards}, R.~T. and 
	{Hampson}, G. and {Hotan}, A.~W. and {Jameson}, A. and {Jenet}, F.~A. and 
	{Kesteven}, M.~J. and {Khoo}, J. and {Kocz}, J. and {Maciesiak}, K. and 
	{Oslowski}, S. and {Ravi}, V. and {Reynolds}, J.~R. and {Sarkissian}, J.~M. and 
	{Verbiest}, J.~P.~W. and {Wen}, Z.~L. and {Wilson}, W.~E. and 
	{Yardley}, D. and {Yan}, W.~M. and {You}, X.~P.},
    title = "{The Parkes Pulsar Timing Array Project}",
  journal = {\pasa},
archivePrefix = "arXiv",
   eprint = {1210.6130},
 primaryClass = "astro-ph.IM",
 keywords = {gravitational waves, instrumentation: miscellaneous, methods: observational, pulsars: general},
     year = 2013,
    month = jan,
   volume = 30,
      eid = {e017},
    pages = {17},
      doi = {10.1017/PASA.2012.017},
   adsurl = {http://adsabs.harvard.edu/abs/2013PASA...30...17M},
  adsnote = {Provided by the SAO/NASA Astrophysics Data System}
}

@ARTICLE{Hotan04,
   author = {{Hotan}, A.~W. and {van Straten}, W. and {Manchester}, R.~N.
	},
    title = "{PSRCHIVE and PSRFITS: An Open Approach to Radio Pulsar Data Storage and Analysis}",
  journal = {\pasa},
   eprint = {astro-ph/0404549},
 keywords = {pulsars: general, methods: data analysis},
     year = 2004,
   volume = 21,
    pages = {302-309},
      doi = {10.1071/AS04022},
   adsurl = {http://adsabs.harvard.edu/abs/2004PASA...21..302H},
  adsnote = {Provided by the SAO/NASA Astrophysics Data System}
}

@ARTICLE{Rickett90,
   author = {{Rickett}, B.~J.},
    title = "{Radio propagation through the turbulent interstellar plasma}",
  journal = {\araa},
 keywords = {Cosmic Plasma, Interstellar Matter, Radio Astronomy, Wave Propagation, Plasma Turbulence, Pulsars, Scintillation, Very Long Base Interferometry, Wave Scattering},
     year = 1990,
   volume = 28,
    pages = {561-605},
      doi = {10.1146/annurev.aa.28.090190.003021},
   adsurl = {http://adsabs.harvard.edu/abs/1990ARA%26A..28..561R},
  adsnote = {Provided by the SAO/NASA Astrophysics Data System}
}

@ARTICLE{Everett01,
   author = {{Everett}, J.~E. and {Weisberg}, J.~M.},
    title = "{Emission Beam Geometry of Selected Pulsars Derived from Average Pulse Polarization Data}",
  journal = {\apj},
   eprint = {astro-ph/0009266},
 keywords = {Stars: Pulsars: General, Polarization, Stars: Neutron},
     year = 2001,
    month = may,
   volume = 553,
    pages = {341-357},
      doi = {10.1086/320652},
   adsurl = {http://adsabs.harvard.edu/abs/2001ApJ...553..341E},
  adsnote = {Provided by the SAO/NASA Astrophysics Data System}
}

@ARTICLE{VanStraten10,
   author = {{van Straten}, W. and {Manchester}, R.~N. and {Johnston}, S. and 
	{Reynolds}, J.~E.},
    title = "{PSRCHIVE and PSRFITS: Definition of the Stokes Parameters and Instrumental Basis Conventions}",
  journal = {\pasa},
archivePrefix = "arXiv",
   eprint = {0912.1662},
 primaryClass = "astro-ph.IM",
 keywords = {methods: data analysis, techniques: polarimetric, pulsars: general, polarisation},
     year = 2010,
    month = mar,
   volume = 27,
    pages = {104-119},
      doi = {10.1071/AS09084},
   adsurl = {http://adsabs.harvard.edu/abs/2010PASA...27..104V},
  adsnote = {Provided by the SAO/NASA Astrophysics Data System}
}

@ARTICLE{Hobbs06,
   author = {{Hobbs}, G.~B. and {Edwards}, R.~T. and {Manchester}, R.~N.},
    title = "{TEMPO2, a new pulsar-timing package - I. An overview}",
  journal = {\mnras},
   eprint = {astro-ph/0603381},
 keywords = {methods: data analysis: ephemerides: pulsars: general, methods: data analysis, ephemerides, pulsars: general},
     year = 2006,
    month = jun,
   volume = 369,
    pages = {655-672},
      doi = {10.1111/j.1365-2966.2006.10302.x},
   adsurl = {http://adsabs.harvard.edu/abs/2006MNRAS.369..655H},
  adsnote = {Provided by the SAO/NASA Astrophysics Data System}
}

@ARTICLE{Sotomayor13,
   author = {{Sotomayor-Beltran}, C. and {Sobey}, C. and {Hessels}, J.~W.~T. and 
	{de Bruyn}, G. and {Noutsos}, A. and {Alexov}, A. and {Anderson}, J. and 
	{Asgekar}, A. and {Avruch}, I.~M. and {Beck}, R. and {Bell}, M.~E. and 
	{Bell}, M.~R. and {Bentum}, M.~J. and {Bernardi}, G. and {Best}, P. and 
	{Birzan}, L. and {Bonafede}, A. and {Breitling}, F. and {Broderick}, J. and 
	{Brouw}, W.~N. and {Br{\"u}ggen}, M. and {Ciardi}, B. and {de Gasperin}, F. and 
	{Dettmar}, R.-J. and {van Duin}, A. and {Duscha}, S. and {Eisl{\"o}ffel}, J. and 
	{Falcke}, H. and {Fallows}, R.~A. and {Fender}, R. and {Ferrari}, C. and 
	{Frieswijk}, W. and {Garrett}, M.~A. and {Grie{\ss}meier}, J. and 
	{Grit}, T. and {Gunst}, A.~W. and {Hassall}, T.~E. and {Heald}, G. and 
	{Hoeft}, M. and {Horneffer}, A. and {Iacobelli}, M. and {Juette}, E. and 
	{Karastergiou}, A. and {Keane}, E. and {Kohler}, J. and {Kramer}, M. and 
	{Kondratiev}, V.~I. and {Koopmans}, L.~V.~E. and {Kuniyoshi}, M. and 
	{Kuper}, G. and {van Leeuwen}, J. and {Maat}, P. and {Macario}, G. and 
	{Markoff}, S. and {McKean}, J.~P. and {Mulcahy}, D.~D. and {Munk}, H. and 
	{Orru}, E. and {Paas}, H. and {Pandey-Pommier}, M. and {Pilia}, M. and 
	{Pizzo}, R. and {Polatidis}, A.~G. and {Reich}, W. and {R{\"o}ttgering}, H. and 
	{Serylak}, M. and {Sluman}, J. and {Stappers}, B.~W. and {Tagger}, M. and 
	{Tang}, Y. and {Tasse}, C. and {ter Veen}, S. and {Vermeulen}, R. and 
	{van Weeren}, R.~J. and {Wijers}, R.~A.~M.~J. and {Wijnholds}, S.~J. and 
	{Wise}, M.~W. and {Wucknitz}, O. and {Yatawatta}, S. and {Zarka}, P.
	},
    title = "{Calibrating high-precision Faraday rotation measurements for LOFAR and the next generation of low-frequency radio telescopes}",
  journal = {\aap},
archivePrefix = "arXiv",
   eprint = {1303.6230},
 primaryClass = "astro-ph.IM",
 keywords = {polarization, techniques: polarimetric},
     year = 2013,
    month = apr,
   volume = 552,
      eid = {A58},
    pages = {A58},
      doi = {10.1051/0004-6361/201220728},
   adsurl = {http://adsabs.harvard.edu/abs/2013A%26A...552A..58S},
  adsnote = {Provided by the SAO/NASA Astrophysics Data System}
}

@ARTICLE{Yan11b,
   author = {{Yan}, W.~M. and {Manchester}, R.~N. and {Hobbs}, G. and {van Straten}, W. and 
	{Reynolds}, J.~E. and {Wang}, N. and {Bailes}, M. and {Bhat}, N.~D.~R. and 
	{Burke-Spolaor}, S. and {Champion}, D.~J. and {Chaudhary}, A. and 
	{Coles}, W.~A. and {Hotan}, A.~W. and {Khoo}, J. and {Oslowski}, S. and 
	{Sarkissian}, J.~M. and {Yardley}, D.~R.~B.},
    title = "{Rotation measure variations for 20 millisecond pulsars}",
  journal = {\apss},
archivePrefix = "arXiv",
   eprint = {1105.4213},
 primaryClass = "astro-ph.SR",
 keywords = {Pulsars: general, ISM: general, Radio continuum: stars},
     year = 2011,
    month = oct,
   volume = 335,
    pages = {485-498},
      doi = {10.1007/s10509-011-0756-0},
   adsurl = {http://adsabs.harvard.edu/abs/2011Ap%26SS.335..485Y},
  adsnote = {Provided by the SAO/NASA Astrophysics Data System}
}

@BOOK{Lorimer05,
    author = {{Lorimer}, D.~R. and {Kramer}, M.},
    title = "{Handbook of Pulsar Astronomy}",
    publisher = {Cambridge University Press},
     year = 2005,
}

@ARTICLE{Bhat04,
   author = {{Bhat}, N.~D.~R. and {Cordes}, J.~M. and {Camilo}, F. and {Nice}, D.~J. and 
	{Lorimer}, D.~R.},
    title = "{Multifrequency Observations of Radio Pulse Broadening and Constraints on Interstellar Electron Density Microstructure}",
  journal = {\apj},
   eprint = {astro-ph/0401067},
 keywords = {ISM: Structure, Methods: Data Analysis, Stars: Pulsars: General, Radio Continuum: General, Scattering},
     year = 2004,
    month = apr,
   volume = 605,
    pages = {759-783},
      doi = {10.1086/382680},
   adsurl = {http://adsabs.harvard.edu/abs/2004ApJ...605..759B},
  adsnote = {Provided by the SAO/NASA Astrophysics Data System}
}

@ARTICLE{Johnston93,
   author = {{Johnston}, S. and {Lorimer}, D.~R. and {Harrison}, P.~A. and 
	{Bailes}, M. and {Lyne}, A.~G. and {Bell}, J.~F. and {Kaspi}, V.~M. and 
	{Manchester}, R.~N. and {D'Amico}, N. and {Nicastro}, L.},
    title = "{Discovery of a very bright, nearby binary millisecond pulsar}",
  journal = {\nat},
 keywords = {Brightness Distribution, Pulsars, Pulse Duration, Astronomical Photography, Solar Orbits},
     year = 1993,
    month = feb,
   volume = 361,
    pages = {613-615},
      doi = {10.1038/361613a0},
   adsurl = {http://adsabs.harvard.edu/abs/1993Natur.361..613J},
  adsnote = {Provided by the SAO/NASA Astrophysics Data System}
}

@ARTICLE{Manchester95a,
   author = {{Manchester}, R.~N. and {Johnston}, S.},
    title = "{Polarization properties of two pulsars}",
  journal = {\apjl},
 keywords = {Polarization Characteristics, Pulsars, Pulse Duration, Stellar Rotation, Astronomical Polarimetry, Data Reduction, Flux Density},
     year = 1995,
    month = mar,
   volume = 441,
    pages = {L65-L68},
      doi = {10.1086/187791},
   adsurl = {http://adsabs.harvard.edu/abs/1995ApJ...441L..65M},
  adsnote = {Provided by the SAO/NASA Astrophysics Data System}
}

@ARTICLE{Navarro97,
   author = {{Navarro}, J. and {Manchester}, R.~N. and {Sandhu}, J.~S. and 
	{Kulkarni}, S.~R. and {Bailes}, M.},
    title = "{Mean Pulse Shape and Polarization of PSR J0437-4715}",
  journal = {\apj},
 keywords = {POLARIZATION, STARS: PULSARS: INDIVIDUAL ALPHANUMERIC: PSR J0437-, 715, RADIO CONTINUUM: STARS},
     year = 1997,
    month = sep,
   volume = 486,
    pages = {1019},
      doi = {10.1086/304563},
   adsurl = {http://adsabs.harvard.edu/abs/1997ApJ...486.1019N},
  adsnote = {Provided by the SAO/NASA Astrophysics Data System}
}

@ARTICLE{1022Kramer99,
   author = {{Kramer}, M. and {Xilouris}, K.~M. and {Camilo}, F. and {Nice}, D.~J. and 
	{Backer}, D.~C. and {Lange}, C. and {Lorimer}, D.~R. and {Doroshenko}, O. and 
	{Sallmen}, S.},
    title = "{Profile Instabilities of the Millisecond Pulsar PSR J1022+1001}",
  journal = {\apj},
   eprint = {astro-ph/9903048},
 keywords = {POLARIZATION, STARS: PULSARS: GENERAL, RADIO CONTINUUM: STARS},
     year = 1999,
    month = jul,
   volume = 520,
    pages = {324-334},
      doi = {10.1086/307449},
   adsurl = {http://adsabs.harvard.edu/abs/1999ApJ...520..324K},
  adsnote = {Provided by the SAO/NASA Astrophysics Data System}
}

@ARTICLE{Stairs99,
   author = {{Stairs}, I.~H. and {Thorsett}, S.~E. and {Camilo}, F.},
    title = "{Coherently Dedispersed Polarimetry of Millisecond Pulsars}",
  journal = {\apjs},
   eprint = {astro-ph/9810399},
 keywords = {POLARIZATION, STARS: PULSARS: GENERAL, RADIO CONTINUUM: STARS},
     year = 1999,
    month = aug,
   volume = 123,
    pages = {627-638},
      doi = {10.1086/313245},
   adsurl = {http://adsabs.harvard.edu/abs/1999ApJS..123..627S},
  adsnote = {Provided by the SAO/NASA Astrophysics Data System}
}

@ARTICLE{Ord04,
   author = {{Ord}, S.~M. and {van Straten}, W. and {Hotan}, A.~W. and {Bailes}, M.
	},
    title = "{Polarimetric profiles of 27 millisecond pulsars}",
  journal = {\mnras},
 keywords = {polarization, pulsars: general},
     year = 2004,
    month = aug,
   volume = 352,
    pages = {804-814},
      doi = {10.1111/j.1365-2966.2004.07963.x},
   adsurl = {http://adsabs.harvard.edu/abs/2004MNRAS.352..804O},
  adsnote = {Provided by the SAO/NASA Astrophysics Data System}
}

@ARTICLE{Rankin83,
   author = {{Rankin}, J.~M.},
    title = "{Toward an empirical theory of pulsar emission. I Morphological taxonomy.}",
  journal = {\apj},
 keywords = {Emission Spectra, Polarized Radiation, Pulsars, Spectral Line Width, Stellar Radiation, Taxonomy, Circular Polarization, Morphology, Polarization Characteristics, Radio Spectra},
     year = 1983,
    month = nov,
   volume = 274,
    pages = {333-368},
      doi = {10.1086/161450},
   adsurl = {http://adsabs.harvard.edu/abs/1983ApJ...274..333R},
  adsnote = {Provided by the SAO/NASA Astrophysics Data System}
}

@ARTICLE{Lyne88,
   author = {{Lyne}, A.~G. and {Manchester}, R.~N.},
    title = "{The shape of pulsar radio beams}",
  journal = {\mnras},
 keywords = {Polarization (Waves), Pulsars, Radio Bursts, Radio Emission, Charged Particles, Computational Astrophysics, Neutron Stars, Stellar Magnetospheres},
     year = 1988,
    month = oct,
   volume = 234,
    pages = {477-508},
   adsurl = {http://adsabs.harvard.edu/abs/1988MNRAS.234..477L},
  adsnote = {Provided by the SAO/NASA Astrophysics Data System}
}

@ARTICLE{Xilouris98,
   author = {{Xilouris}, K.~M. and {Kramer}, M. and {Jessner}, A. and {von Hoensbroech}, A. and 
	{Lorimer}, D. and {Wielebinski}, R. and {Wolszczan}, A. and 
	{Camilo}, F.},
    title = "{The Characteristics of Millisecond Pulsar Emission. II. Polarimetry}",
  journal = {\apj},
   eprint = {astro-ph/9801178},
 keywords = {POLARIZATION, STARS: PULSARS: GENERAL, RADIATION MECHANISMS: NONTHERMAL, STARS: EVOLUTION},
     year = 1998,
    month = jul,
   volume = 501,
    pages = {286},
      doi = {10.1086/305791},
   adsurl = {http://adsabs.harvard.edu/abs/1998ApJ...501..286X},
  adsnote = {Provided by the SAO/NASA Astrophysics Data System}
}

@ARTICLE{Thorsett90,
   author = {{Thorsett}, S.~E. and {Stinebring}, D.~R.},
    title = "{Polarimetry of millisecond pulsars}",
  journal = {\apj},
 keywords = {Polarimetry, Pulsars, Stellar Magnetic Fields, Circular Polarization, Eclipsing Binary Stars},
     year = 1990,
    month = oct,
   volume = 361,
    pages = {644-649},
      doi = {10.1086/169226},
   adsurl = {http://adsabs.harvard.edu/abs/1990ApJ...361..644T},
  adsnote = {Provided by the SAO/NASA Astrophysics Data System}
}

@ARTICLE{Keith12,
   author = {{Keith}, M.~J. and {Johnston}, S. and {Bailes}, M. and {Bates}, S.~D. and 
	{Bhat}, N.~D.~R. and {Burgay}, M. and {Burke-Spolaor}, S. and 
	{D'Amico}, N. and {Jameson}, A. and {Kramer}, M. and {Levin}, L. and 
	{Milia}, S. and {Possenti}, A. and {Stappers}, B.~W. and {van Straten}, W. and 
	{Parent}, D.},
    title = "{The High Time Resolution Universe Pulsar Survey - IV. Discovery and polarimetry of millisecond pulsars}",
  journal = {\mnras},
archivePrefix = "arXiv",
   eprint = {1109.4193},
 primaryClass = "astro-ph.SR",
 keywords = {pulsars: general, pulsars: individual: PSR J1017-7156, pulsars: individual: PSR J1446-4701, pulsars: individual: PSR J1502-6752},
     year = 2012,
    month = jan,
   volume = 419,
    pages = {1752-1765},
      doi = {10.1111/j.1365-2966.2011.19842.x},
   adsurl = {http://adsabs.harvard.edu/abs/2012MNRAS.419.1752K},
  adsnote = {Provided by the SAO/NASA Astrophysics Data System}
}

@ARTICLE{Burgay13,
   author = {{Burgay}, M. and {Bailes}, M. and {Bates}, S.~D. and {Bhat}, N.~D.~R. and 
	{Burke-Spolaor}, S. and {Champion}, D.~J. and {Coster}, P. and 
	{D'Amico}, N. and {Johnston}, S. and {Keith}, M.~J. and {Kramer}, M. and 
	{Levin}, L. and {Lyne}, A.~G. and {Milia}, S. and {Ng}, C. and 
	{Possenti}, A. and {Stappers}, B.~W. and {Thornton}, D. and 
	{Tiburzi}, C. and {van Straten}, W. and {Bassa}, C.~G.},
    title = "{The High Time Resolution Universe Pulsar Survey - VII. Discovery of five millisecond pulsars and the different luminosity properties of binary and isolated recycled pulsars}",
  journal = {\mnras},
archivePrefix = "arXiv",
   eprint = {1307.7629},
 primaryClass = "astro-ph.HE",
 keywords = {pulsars: individual: PSR J1431-5740, pulsars: individual: PSR J1545-4550, pulsars: individual: PSR J1825-0319, pulsars: individual: PSR J1832-0836, pulsars: individual: PSR J2236-5527},
     year = 2013,
    month = jul,
   volume = 433,
    pages = {259-269},
      doi = {10.1093/mnras/stt721},
   adsurl = {http://adsabs.harvard.edu/abs/2013MNRAS.433..259B},
  adsnote = {Provided by the SAO/NASA Astrophysics Data System}
}

@ARTICLE{Tiburzi13,
   author = {{Tiburzi}, C. and {Johnston}, S. and {Bailes}, M. and {Bates}, S.~D. and 
	{Bhat}, N.~D.~R. and {Burgay}, M. and {Burke-Spolaor}, S. and 
	{Champion}, D. and {Coster}, P. and {D'Amico}, N. and {Keith}, M.~J. and 
	{Kramer}, M. and {Levin}, L. and {Milia}, S. and {Ng}, C. and 
	{Possenti}, A. and {Stappers}, B.~W. and {Thornton}, D. and 
	{van Straten}, W.},
    title = "{The High Time Resolution Universe survey - IX. Polarimetry of long-period pulsars}",
  journal = {\mnras},
archivePrefix = "arXiv",
   eprint = {1310.1823},
 primaryClass = "astro-ph.SR",
 keywords = {magnetic fields, polarization, methods: observational, pulsars: general},
     year = 2013,
    month = dec,
   volume = 436,
    pages = {3557-3572},
      doi = {10.1093/mnras/stt1834},
   adsurl = {http://adsabs.harvard.edu/abs/2013MNRAS.436.3557T},
  adsnote = {Provided by the SAO/NASA Astrophysics Data System}
}

@ARTICLE{Keith11,
   author = {{Keith}, M.~J. and {Johnston}, S. and {Ray}, P.~S. and {Ferrara}, E.~C. and 
	{Saz Parkinson}, P.~M. and {\c C}elik, {\"O}. and {Belfiore}, A. and 
	{Donato}, D. and {Cheung}, C.~C. and {Abdo}, A.~A. and {Camilo}, F. and 
	{Freire}, P.~C.~C. and {Guillemot}, L. and {Harding}, A.~K. and 
	{Kramer}, M. and {Michelson}, P.~F. and {Ransom}, S.~M. and 
	{Romani}, R.~W. and {Smith}, D.~A. and {Thompson}, D.~J. and 
	{Weltevrede}, P. and {Wood}, K.~S.},
    title = "{Discovery of millisecond pulsars in radio searches of southern Fermi Large Area Telescope sources}",
  journal = {\mnras},
archivePrefix = "arXiv",
   eprint = {1102.0648},
 primaryClass = "astro-ph.HE",
 keywords = {pulsars: general, pulsars: individual: J2241-5236},
     year = 2011,
    month = jun,
   volume = 414,
    pages = {1292-1300},
      doi = {10.1111/j.1365-2966.2011.18464.x},
   adsurl = {http://adsabs.harvard.edu/abs/2011MNRAS.414.1292K},
  adsnote = {Provided by the SAO/NASA Astrophysics Data System}
}

@ARTICLE{Rankin93,
   author = {{Rankin}, J.~M.},
    title = "{Toward an empirical theory of pulsar emission. VI - The geometry of the conal emission region}",
  journal = {\apj},
 keywords = {Pulsars, Radio Astronomy, Radio Emission, Stellar Magnetic Fields, Stellar Rotation},
     year = 1993,
    month = mar,
   volume = 405,
    pages = {285-297},
      doi = {10.1086/172361},
   adsurl = {http://adsabs.harvard.edu/abs/1993ApJ...405..285R},
  adsnote = {Provided by the SAO/NASA Astrophysics Data System}
}

@ARTICLE{Kramer94b,
   author = {{Kramer}, M.},
    title = "{Geometrical analysis of average pulsar profiles using multi-component Gaussian FITS at several frequencies. II. Individual results.}",
  journal = {\aaps},
 keywords = {PULSARS: GENERAL, METHODS: DATA ANALYSIS},
     year = 1994,
    month = nov,
   volume = 107,
    pages = {527-539},
   adsurl = {http://adsabs.harvard.edu/abs/1994A%26AS..107..527K},
  adsnote = {Provided by the SAO/NASA Astrophysics Data System}
}

@ARTICLE{Gupta03,
   author = {{Gupta}, Y. and {Gangadhara}, R.~T.},
    title = "{Understanding the Radio Emission Geometry of Multiple-Component Radio Pulsars from Retardation and Aberration Effects}",
  journal = {\apj},
   eprint = {astro-ph/0210411},
 keywords = {Stars: Pulsars: General, Radiation Mechanisms: Nonthermal, Stars: Magnetic Fields, Stars: Neutron},
     year = 2003,
    month = feb,
   volume = 584,
    pages = {418-426},
      doi = {10.1086/345682},
   adsurl = {http://adsabs.harvard.edu/abs/2003ApJ...584..418G},
  adsnote = {Provided by the SAO/NASA Astrophysics Data System}
}

@ARTICLE{Manchester95b,
   author = {{Manchester}, R.~N.},
    title = "{The Shape of Pulsar Beams}",
  journal = {Journal of Astrophysics and Astronomy},
     year = 1995,
    month = jun,
   volume = 16,
    pages = {107},
      doi = {10.1007/BF02714828},
   adsurl = {http://adsabs.harvard.edu/abs/1995JApA...16..107M},
  adsnote = {Provided by the SAO/NASA Astrophysics Data System}
}

@ARTICLE{Han01,
   author = {{Han}, J.~L. and {Manchester}, R.~N.},
    title = "{The shape of pulsar radio beams}",
  journal = {\mnras},
   eprint = {astro-ph/0010538},
 keywords = {pulsars: general},
     year = 2001,
    month = jan,
   volume = 320,
    pages = {L35-L39},
      doi = {10.1046/j.1365-8711.2001.04146.x},
   adsurl = {http://adsabs.harvard.edu/abs/2001MNRAS.320L..35H},
  adsnote = {Provided by the SAO/NASA Astrophysics Data System}
}

@ARTICLE{Taylor92,
   author = {{Taylor}, J.~H.},
    title = "{Pulsar Timing and Relativistic Gravity}",
  journal = {Royal Society of London Philosophical Transactions Series A},
     year = 1992,
    month = oct,
   volume = 341,
    pages = {117-134},
      doi = {10.1098/rsta.1992.0088},
   adsurl = {http://adsabs.harvard.edu/abs/1992RSPTA.341..117T},
  adsnote = {Provided by the SAO/NASA Astrophysics Data System}
}

@ARTICLE{Radhakrishnan69,
	   author = {{Radhakrishnan}, V. and {Cooke}, D.~J.},
     title = "{Magnetic Poles and the Polarization Structure of Pulsar Radiation}",
	   journal = {\aplett},
     year = 1969,
	   volume = 3,
    month = Mar,
     pages = {225},
    adsurl = {http://adsabs.harvard.edu/abs/1969ApL.....3..225R},
 	  adsnote = {Provided by the SAO/NASA Astrophysics Data System}
}

@INPROCEEDINGS{Manchester08,
	   author = {{Manchester}, R.~N.},
     title = "{The Parkes Pulsar Timing Array Project}",
				  keywords = {Pulsars, Neutron stars, Time series analysis time variability, Gravitational radiation detectors, mass spectrometers, and other instrumentation and techniques},
		booktitle = {40 Years of Pulsars: Millisecond Pulsars, Magnetars and More},
     year = 2008,
    series = {American Institute of Physics Conference Series},
   volume = 983,
	 archivePrefix = "arXiv",
   eprint = {0710.5026},
   editor = {{Bassa}, C. and {Wang}, Z. and {Cumming}, A. and {Kaspi}, V.~M.
	},
    month = feb,
    pages = {584-592},
      doi = {10.1063/1.2900303},
    adsurl = {http://adsabs.harvard.edu/abs/2008AIPC..983..584M},
  adsnote = {Provided by the SAO/NASA Astrophysics Data System}
}

@ARTICLE{Kramer98,
	   author = {{Kramer}, M. and {Xilouris}, K.~M. and {Lorimer}, D.~R. and 
				{Doroshenko}, O. and {Jessner}, A. and {Wielebinski}, R. and 
					{Wolszczan}, A. and {Camilo}, F.},
     title = "{The Characteristics of Millisecond Pulsar Emission. I. Spectra, Pulse Shapes, and the Beaming Fraction}",
	   journal = {\apj},
    eprint = {astro-ph/9801177},
	 keywords = {STARS: PULSARS: GENERAL, RADIATION MECHANISMS: NONTHERMAL, STARS: EVOLUTION, Stars: Pulsars: General, Radiation Mechanisms: Nonthermal, Stars: Evolution},
      year = 1998,
	    month = jul,
		   volume = 501,
	     pages = {270-285},
      doi = {10.1086/305790},
  adsurl = {http://adsabs.harvard.edu/abs/1998ApJ...501..270K},
  adsnote = {Provided by the SAO/NASA Astrophysics Data System}
}

@ARTICLE{Toscano98,
	   author = {{Toscano}, M. and {Bailes}, M. and {Manchester}, R.~N. and {Sandhu}, J.~S.
				},
     title = "{Spectra of Southern Pulsars}",
	   journal = {\apj},
	    eprint = {astro-ph/9805241},
	 keywords = {STARS: PULSARS: GENERAL, RADIO CONTINUUM: STARS, Stars: Pulsars: General, Radio Continuum: Stars},
   year = 1998,
	    month = oct,
		  volume = 506,
		   pages = {863-867},
		     doi = {10.1086/306282},
		   adsurl = {http://adsabs.harvard.edu/abs/1998ApJ...506..863T},
		  adsnote = {Provided by the SAO/NASA Astrophysics Data System}
}

@ARTICLE{Manchester04,
	   author = {{Manchester}, R.~N. and {Han}, J.~L.},
     title = "{Polarization Observations of Nine Southern Millisecond Pulsars}",
	   journal = {\apj},
	    eprint = {astro-ph/0403199},
		 keywords = {ISM: Magnetic Fields, Polarization, Stars: Pulsars: General, Radio Continuum: ISM, Radio Continuum: Stars},
      year = 2004,
	    month = jul,
	   volume = 609,
     pages = {354-362},
      doi = {10.1086/420918},
	    adsurl = {http://adsabs.harvard.edu/abs/2004ApJ...609..354M},
	  adsnote = {Provided by the SAO/NASA Astrophysics Data System}
}

@ARTICLE{Shannon14,
	author = {{Shannon}, R.~M. and {Os{\l}owski}, S. and {Dai}, S. and {Bailes}, M. and 
		{Hobbs}, G. and {Manchester}, R.~N. and {van Straten}, W. and 
		{Raithel}, C.~A. and {Ravi}, V. and {Toomey}, L. and {Bhat}, N.~D.~R. and 
		{Burke-Spolaor}, S. and {Coles}, W.~A. and {Keith}, M.~J. and 
		{Kerr}, M. and {Levin}, Y. and {Sarkissian}, J.~M. and {Wang}, J.-B. and 
		{Wen}, L. and {Zhu}, X.-J.},
	title = "{Limitations in timing precision due to single-pulse shape variability in millisecond pulsars}",
	journal = {\mnras},
	archivePrefix = "arXiv",
	eprint = {1406.4716},
	primaryClass = "astro-ph.SR",
	keywords = {methods: data analysis, stars: neutron, pulsars: general},
	year = 2014,
	month = sep,
	volume = 443,
	pages = {1463-1481},
	doi = {10.1093/mnras/stu1213},
	adsurl = {http://adsabs.harvard.edu/abs/2014MNRAS.443.1463S},
	adsnote = {Provided by the SAO/NASA Astrophysics Data System}
}

@ARTICLE{Pennucci14,
   author = {{Pennucci}, T.~T. and {Demorest}, P.~B. and {Ransom}, S.~M.},
    title = "{Elementary Wideband Timing of Radio Pulsars}",
  journal = {\apj},
archivePrefix = "arXiv",
   eprint = {1402.1672},
 primaryClass = "astro-ph.IM",
 keywords = {methods: data analysis, pulsars: general, pulsars: individual: B1821{\ndash}24A J1824{\ndash}2452A},
     year = 2014,
    month = aug,
   volume = 790,
      eid = {93},
    pages = {93},
      doi = {10.1088/0004-637X/790/2/93},
   adsurl = {http://adsabs.harvard.edu/abs/2014ApJ...790...93P},
  adsnote = {Provided by the SAO/NASA Astrophysics Data System}
}

@ARTICLE{Hobbs11,
	   author = {{Hobbs}, G. and {Miller}, D. and {Manchester}, R.~N. and {Dempsey}, J. and 
		{Chapman}, J.~M. and {Khoo}, J. and {Applegate}, J. and {Bailes}, M. and 
			{Bhat}, N.~D.~R. and {Bridle}, R. and {Borg}, A. and {Brown}, A. and 
			{Burnett}, C. and {Camilo}, F. and {Cattalini}, C. and {Chaudhary}, A. and 
			{Chen}, R. and {D'Amico}, N. and {Kedziora-Chudczer}, L. and 
		{Cornwell}, T. and {George}, R. and {Hampson}, G. and {Hepburn}, M. and 
			{Jameson}, A. and {Keith}, M. and {Kelly}, T. and {Kosmynin}, A. and 
			{Lenc}, E. and {Lorimer}, D. and {Love}, C. and {Lyne}, A. and 
			{McIntyre}, V. and {Morrissey}, J. and {Pienaar}, M. and {Reynolds}, J. and 
		{Ryder}, G. and {Sarkissian}, J. and {Stevenson}, A. and {Treloar}, A. and 
			{van Straten}, W. and {Whiting}, M. and {Wilson}, G.},
     title = "{The Parkes Observatory Pulsar Data Archive}",
	   journal = {\pasa},
		 archivePrefix = "arXiv",
	    eprint = {1105.5746},
			 primaryClass = "astro-ph.IM",
			  keywords = {pulsars: general, astronomical databases: miscellaneous},
	     year = 2011,
	     month = aug,
	    volume = 28,
      pages = {202-214},
      doi = {10.1071/AS11016},
	   adsurl = {http://adsabs.harvard.edu/abs/2011PASA...28..202H},
		   adsnote = {Provided by the SAO/NASA Astrophysics Data System}
}

@ARTICLE{Liu14,
   author = {{Liu}, K. and {Desvignes}, G. and {Cognard}, I. and {Stappers}, B.~W. and 
	{Verbiest}, J.~P.~W. and {Lee}, K.~J. and {Champion}, D.~J. and 
	{Kramer}, M. and {Freire}, P.~C.~C. and {Karuppusamy}, R.},
    title = "{Measuring pulse times of arrival from broad-band pulsar observations}",
  journal = {\mnras},
archivePrefix = "arXiv",
   eprint = {1407.3827},
 keywords = {methods: data analysis, pulsars: general, pulsars: individual (PSR J1909-3744)},
     year = 2014,
    month = oct,
   volume = 443,
    pages = {3752-3760},
      doi = {10.1093/mnras/stu1420},
   adsurl = {http://adsabs.harvard.edu/abs/2014MNRAS.443.3752L},
  adsnote = {Provided by the SAO/NASA Astrophysics Data System}
}


@ARTICLE{Lyne87,
	   author = {{Lyne}, A.~G. and {Brinklow}, A. and {Middleditch}, J. and {Kulkarni}, S.~R. and 
				{Backer}, D.~C.},
     title = "{The discovery of a millisecond pulsar in the globular cluster M28}",
	   journal = {\nat},
		  keywords = {Binary Stars, Globular Clusters, Pulsars, Stellar Mass Accretion, Stellar Rotation, Stellar Spectrophotometry, Angular Velocity, Linear Polarization, Stellar Evolution, Very Large Array (Vla)},
	     year = 1987,
	     month = jul,
	    volume = 328,
	    pages = {399-401},
      doi = {10.1038/328399a0},
		   adsurl = {http://adsabs.harvard.edu/abs/1987Natur.328..399L},
	   adsnote = {Provided by the SAO/NASA Astrophysics Data System}
}

@ARTICLE{Noutsos09,
	   author = {{Noutsos}, A. and {Karastergiou}, A. and {Kramer}, M. and {Johnston}, S. and 
		{Stappers}, B.~W.},
     title = "{Phase-resolved Faraday rotation in pulsars}",
	   journal = {\mnras},
		 archivePrefix = "arXiv",
    eprint = {0903.5511},
		 primaryClass = "astro-ph.GA",
	  keywords = {polarization , scattering , pulsars: general},
     year = 2009,
     month = jul,
    volume = 396,
    pages = {1559-1572},
      doi = {10.1111/j.1365-2966.2009.14806.x},
   adsurl = {http://adsabs.harvard.edu/abs/2009MNRAS.396.1559N},
   adsnote = {Provided by the SAO/NASA Astrophysics Data System}
}

@ARTICLE{VanStraten04,
	   author = {{van Straten}, W.},
     title = "{Radio Astronomical Polarimetry and Point-Source Calibration}",
	   journal = {\apjs},
	    eprint = {astro-ph/0401536},
		 keywords = {Instrumentation: Polarimeters, Methods: Data Analysis, Polarization, Stars: Pulsars: Individual: Alphanumeric: PSR J0437-4715, Techniques: Polarimetric},
      year = 2004,
	    month = may,
   volume = 152,
     pages = {129-135},
      doi = {10.1086/383187},
	    adsurl = {http://adsabs.harvard.edu/abs/2004ApJS..152..129V},
	  adsnote = {Provided by the SAO/NASA Astrophysics Data System}
}

@ARTICLE{Oslowski14,
	   author = {{Os{\l}owski}, S. and {van Straten}, W. and {Bailes}, M. and 
		{Jameson}, A. and {Hobbs}, G.},
     title = "{Timing, polarimetry and physics of the bright, nearby millisecond pulsar PSR J0437-4715 - a single-pulse perspective}",
	   journal = {\mnras},
		 archivePrefix = "arXiv",
    eprint = {1405.2638},
		 primaryClass = "astro-ph.SR",
		  keywords = {pulsars: general, pulsars: individual (PSR J0437-4715)},
     year = 2014,
     month = jul,
    volume = 441,
	    pages = {3148-3160},
     doi = {10.1093/mnras/stu804},
	   adsurl = {http://adsabs.harvard.edu/abs/2014MNRAS.441.3148O},
   adsnote = {Provided by the SAO/NASA Astrophysics Data System}
}

@ARTICLE{Ravi10,
	   author = {{Ravi}, V. and {Manchester}, R.~N. and {Hobbs}, G.},
     title = "{Wide Radio Beams from {$\gamma$}-ray Pulsars}",
	   journal = {\apjl},
		 archivePrefix = "arXiv",
    eprint = {1005.1966},
		 primaryClass = "astro-ph.HE",
		  keywords = {pulsars: general},
    year = 2010,
     month = jun,
	    volume = 716,
    pages = {L85-L89},
     doi = {10.1088/2041-8205/716/1/L85},
  adsurl = {http://adsabs.harvard.edu/abs/2010ApJ...716L..85R},
  adsnote = {Provided by the SAO/NASA Astrophysics Data System}
}

@ARTICLE{Manchester05b,
	   author = {{Manchester}, R.~N.},
     title = "{Pulsar Radio and Gamma-Ray Emission}",
	   journal = {\apss},
		  keywords = {pulsars:general, gamma rays:observations},
     year = 2005,
	     month = jun,
    volume = 297,
	    pages = {101-108},
      doi = {10.1007/s10509-005-7580-3},
	   adsurl = {http://adsabs.harvard.edu/abs/2005Ap%26SS.297..101M},
   adsnote = {Provided by the SAO/NASA Astrophysics Data System}
}

@ARTICLE{Lorimer95,
	   author = {{Lorimer}, D.~R. and {Yates}, J.~A. and {Lyne}, A.~G. and {Gould}, D.~M.
				},
     title = "{Multifrequency flux density measurements of 280 pulsars}",
	   journal = {\mnras},
		  keywords = {PULSARS: GENERAL, RADIO CONTINUUM: STARS},
     year = 1995,
	     month = mar,
    volume = 273,
	    pages = {411-421},
	   adsurl = {http://adsabs.harvard.edu/abs/1995MNRAS.273..411L},
	   adsnote = {Provided by the SAO/NASA Astrophysics Data System}
}

@ARTICLE{Maron00,
	   author = {{Maron}, O. and {Kijak}, J. and {Kramer}, M. and {Wielebinski}, R.
				},
     title = "{Pulsar spectra of radio emission}",
	   journal = {\aaps},
	    eprint = {astro-ph/0010233},
		 keywords = {PULSARS: GENERAL, RADIATION MECHANISMS: NON-THERMAL},
      year = 2000,
	    month = dec,
	   volume = 147,
     pages = {195-203},
      doi = {10.1051/aas:2000298},
	    adsurl = {http://adsabs.harvard.edu/abs/2000A%26AS..147..195M},
	  adsnote = {Provided by the SAO/NASA Astrophysics Data System}
}

@ARTICLE{Bates13,
	   author = {{Bates}, S.~D. and {Lorimer}, D.~R. and {Verbiest}, J.~P.~W.
				},
     title = "{The pulsar spectral index distribution}",
	   journal = {\mnras},
		 archivePrefix = "arXiv",
	    eprint = {1302.2053},
		 primaryClass = "astro-ph.SR",
		  keywords = {methods: statistical, stars: neutron, pulsars: general},
     year = 2013,
     month = may,
    volume = 431,
    pages = {1352-1358},
     doi = {10.1093/mnras/stt257},
	   adsurl = {http://adsabs.harvard.edu/abs/2013MNRAS.431.1352B},
	   adsnote = {Provided by the SAO/NASA Astrophysics Data System}
}

@ARTICLE{Kijak11,
	   author = {{Kijak}, J. and {Lewandowski}, W. and {Maron}, O. and {Gupta}, Y. and 
			{Jessner}, A.},
     title = "{Pulsars with gigahertz-peaked spectra}",
	   journal = {\aap},
			 archivePrefix = "arXiv",
	    eprint = {1105.2065},
		 primaryClass = "astro-ph.GA",
		  keywords = {pulsars: general, ISM: general},
     year = 2011,
	     month = jul,
	    volume = 531,
	      eid = {A16},
    pages = {A16},
      doi = {10.1051/0004-6361/201014274},
	   adsurl = {http://adsabs.harvard.edu/abs/2011A%26A...531A..16K},
	   adsnote = {Provided by the SAO/NASA Astrophysics Data System}
}

@ARTICLE{Foster90,
	   author = {{Foster}, R.~S. and {Backer}, D.~C.},
		     title = "{Constructing a pulsar timing array}",
		   journal = {\apj},
					  keywords = {Atomic Clocks, Error Analysis, Pulsars, Time Measuring Instruments, Time Signals, Earth Rotation, Gravitational Waves, Polynomials, Telescopes, Time Measurement},
		     year = 1990,
	     month = sep,
    volume = 361,
	    pages = {300-308},
	      doi = {10.1086/169195},
	   adsurl = {http://adsabs.harvard.edu/abs/1990ApJ...361..300F},
   adsnote = {Provided by the SAO/NASA Astrophysics Data System}
}

@ARTICLE{Zhu14,
	   author = {{Zhu}, X.-J. and {Hobbs}, G. and {Wen}, L. and {Coles}, W.~A. and 
				{Wang}, J.-B. and {Shannon}, R.~M. and {Manchester}, R.~N. and 
					{Bailes}, M. and {Bhat}, N.~D.~R. and {Burke-Spolaor}, S. and 
						{Dai}, S. and {Keith}, M.~J. and {Kerr}, M. and {Levin}, Y. and 
					{Madison}, D.~R. and {Os{\l}owski}, S. and {Ravi}, V. and {Toomey}, L. and 
					{van Straten}, W.},
     title = "{An all-sky search for continuous gravitational waves in the Parkes Pulsar Timing Array data set}",
		   journal = {\mnras},
			 archivePrefix = "arXiv",
		    eprint = {1408.5129},
					 keywords = {gravitational waves, methods: data analysis, pulsars: general, galaxies: evolution},
	      year = 2014,
	    month = nov,
	   volume = 444,
		     pages = {3709-3720},
       doi = {10.1093/mnras/stu1717},
		    adsurl = {http://adsabs.harvard.edu/abs/2014MNRAS.444.3709Z},
	  adsnote = {Provided by the SAO/NASA Astrophysics Data System}
}

@ARTICLE{Kramer94a,
	   author = {{Kramer}, M. and {Wielebinski}, R. and {Jessner}, A. and {Gil}, J.~A. and 
				{Seiradakis}, J.~H.},
		     title = "{Geometrical analysis of average pulsar profiles using multi-component Gaussian FITS at several frequencies. I. Method and analysis.}",
		   journal = {\aaps},
	  keywords = {PULSARS: GENERAL, METHODS: DATA ANALYSIS},
	     year = 1994,
     month = nov,
    volume = 107,
	    pages = {515-526},
	   adsurl = {http://adsabs.harvard.edu/abs/1994A%26AS..107..515K},
   adsnote = {Provided by the SAO/NASA Astrophysics Data System}
}

@ARTICLE{Chen07,
	   author = {{Chen}, J.-L. and {Wang}, H.-G. and {Chen}, W.-H. and {Zhang}, H. and 
			{Liu}, Y.},
     title = "{Radio Phase-Resolved Spectra of the Conal-Double Pulsar B1133+16}",
	   journal = {\cjaa},
      year = 2007,
		    month = dec,
	   volume = 7,
     pages = {789-802},
       doi = {10.1088/1009-9271/7/6/06},
    adsurl = {http://adsabs.harvard.edu/abs/2007ChJAA...7..789C},
	  adsnote = {Provided by the SAO/NASA Astrophysics Data System}
}

@ARTICLE{Cordes78,
	   author = {{Cordes}, J.~M.},
		     title = "{Observational limits on the location of pulsar emission regions}",
		   journal = {\apj},
	  keywords = {Pulsars, Radio Astronomy, Radio Emission, Stellar Radiation, Astronomical Maps, Stellar Models, Stellar Rotation},
	     year = 1978,
	     month = jun,
	    volume = 222,
		    pages = {1006-1011},
      doi = {10.1086/156218},
	   adsurl = {http://adsabs.harvard.edu/abs/1978ApJ...222.1006C},
   adsnote = {Provided by the SAO/NASA Astrophysics Data System}
}

@ARTICLE{Thorsett91,
	   author = {{Thorsett}, S.~E.},
     title = "{Frequency dependence of pulsar integrated profiles}",
		   journal = {\apj},
	  keywords = {Pulsars, Radio Frequencies, Radio Emission, Stellar Magnetospheres, Wave Propagation},
     year = 1991,
	     month = aug,
		    volume = 377,
	    pages = {263-267},
     doi = {10.1086/170355},
		   adsurl = {http://adsabs.harvard.edu/abs/1991ApJ...377..263T},
   adsnote = {Provided by the SAO/NASA Astrophysics Data System}
}

@ARTICLE{Dyks03,
	   author = {{Dyks}, J. and {Rudak}, B.},
     title = "{Two-Pole Caustic Model for High-Energy Light Curves of Pulsars}",
	   journal = {\apj},
	    eprint = {astro-ph/0303006},
		 keywords = {Gamma Rays: Theory, Stars: Pulsars: General, Stars: Neutron},
      year = 2003,
		    month = dec,
	   volume = 598,
	     pages = {1201-1206},
       doi = {10.1086/379052},
	    adsurl = {http://adsabs.harvard.edu/abs/2003ApJ...598.1201D},
	  adsnote = {Provided by the SAO/NASA Astrophysics Data System}
}

@ARTICLE{Watters09,
	   author = {{Watters}, K.~P. and {Romani}, R.~W. and {Weltevrede}, P. and 
				{Johnston}, S.},
     title = "{An Atlas for Interpreting {$\gamma$}-Ray Pulsar Light Curves}",
	   journal = {\apj},
		 archivePrefix = "arXiv",
	    eprint = {0812.3931},
			 keywords = {gamma rays: theory, pulsars: general, stars: neutron},
	      year = 2009,
	    month = apr,
		   volume = 695,
     pages = {1289-1301},
      doi = {10.1088/0004-637X/695/2/1289},
    adsurl = {http://adsabs.harvard.edu/abs/2009ApJ...695.1289W},
	  adsnote = {Provided by the SAO/NASA Astrophysics Data System}
}

@ARTICLE{Kuzmin01,
	   author = {{Kuzmin}, A.~D. and {Losovsky}, B.~Y.},
	     title = "{No low-frequency turn-over in the spectra of millisecond pulsars}",
	   journal = {\aap},
		  keywords = {STARS: PULSARS: GENERAL, STARS: MAGNETIC FIELDS STARS: NEUTRONS, RADIO CONTINUUM: STARS},
	     year = 2001,
	     month = mar,
		    volume = 368,
	    pages = {230-238},
      doi = {10.1051/0004-6361:20000507},
		   adsurl = {http://adsabs.harvard.edu/abs/2001A%26A...368..230K},
   adsnote = {Provided by the SAO/NASA Astrophysics Data System}
}


@ARTICLE{Petrova02,
	   author = {{Petrova}, S.~A.},
	     title = "{Towards explanation of pulsar radio spectra}",
	   journal = {\aap},
		  keywords = {PLASMAS, WAVES, PULSARS: GENERAL},
	     year = 2002,
	     month = mar,
	    volume = 383,
	    pages = {1067-1075},
     doi = {10.1051/0004-6361:20011829},
   adsurl = {http://adsabs.harvard.edu/abs/2002A%26A...383.1067P},
   adsnote = {Provided by the SAO/NASA Astrophysics Data System}
}

@ARTICLE{Kramer96,
	   author = {{Kramer}, M. and {Xilouris}, K.~M. and {Jessner}, A. and {Wielebinski}, R. and 
				{Timofeev}, M.},
     title = "{A turn-up in pulsar spectra at mm-wavelengths?}",
	   journal = {\aap},
		  keywords = {PULSARS: GENERAL, RADIATION MECHANISM: NON-THERMAL},
     year = 1996,
     month = feb,
    volume = 306,
	    pages = {867},
	   adsurl = {http://adsabs.harvard.edu/abs/1996A%26A...306..867K},
    adsnote = {Provided by the SAO/NASA Astrophysics Data System}
}

@ARTICLE{Kennett98,
	   author = {{Kennett}, M. and {Melrose}, D.},
     title = "{Propagation-induced Circular Polarisation in Synchrotron Sources}",
	   journal = {\pasa},
	  keywords = {POLARISATION, RADIATIVE TRANSFER, RADIO CONTINUUM, polarisation, radiative transfer, radio continuum: general.},
	     year = 1998,
	     month = jul,
    volume = 15,
    pages = {211-216},
      doi = {10.1071/AS98211},
	   adsurl = {http://adsabs.harvard.edu/abs/1998PASA...15..211K},
   adsnote = {Provided by the SAO/NASA Astrophysics Data System}
}

@ARTICLE{Ramach04,
	   author = {{Ramachandran}, R. and {Backer}, D.~C. and {Rankin}, J.~M. and 
				{Weisberg}, J.~M. and {Devine}, K.~E.},
     title = "{Effect of Quasi-Orthogonal Emission Modes on the Rotation Measures of Pulsars}",
	   journal = {\apj},
	    eprint = {astro-ph/0401534},
	 keywords = {ISM: Magnetic Fields, Polarization, Stars: Pulsars: Individual: Alphanumeric: PSR B2016+28, Radiation Mechanisms: Nonthermal, Radio Continuum: Stars},
	      year = 2004,
    month = may,
	   volume = 606,
    pages = {1167-1173},
      doi = {10.1086/383179},
    adsurl = {http://adsabs.harvard.edu/abs/2004ApJ...606.1167R},
	  adsnote = {Provided by the SAO/NASA Astrophysics Data System}
}

@ARTICLE{Kara09,
	   author = {{Karastergiou}, A.},
		     title = "{The complex polarization angles of radio pulsars: orthogonal jumps and interstellar scattering}",
		   journal = {\mnras},
		 archivePrefix = "arXiv",
	    eprint = {0901.1826},
			 primaryClass = "astro-ph.SR",
			  keywords = {polarization, scattering, pulsars: general},
	     year = 2009,
	     month = jan,
    volume = 392,
	    pages = {L60-L64},
      doi = {10.1111/j.1745-3933.2008.00585.x},
	   adsurl = {http://adsabs.harvard.edu/abs/2009MNRAS.392L..60K},
	   adsnote = {Provided by the SAO/NASA Astrophysics Data System}
}

@ARTICLE{Bhat14,
	   author = {{Bhat}, N.~D.~R. and {Ord}, S.~M. and {Tremblay}, S.~E. and 
				{Tingay}, S.~J. and {Deshpande}, A.~A. and {van Straten}, W. and 
   	{Oronsaye}, S. and {Bernardi}, G. and {Bowman}, J.~D. and {Briggs}, F. and 
		{Cappallo}, R.~J. and {Corey}, B.~E. and {Emrich}, D. and {Goeke}, R. and 
			{Greenhill}, L.~J. and {Hazelton}, B.~J. and {Hewitt}, J.~N. and 
				{Johnston-Hollitt}, M. and {Kaplan}, D.~L. and {Kasper}, J.~C. and 
		{Kratzenberg}, E. and {Lonsdale}, C.~J. and {Lynch}, M.~J. and 
			{McWhirter}, S.~R. and {Mitchell}, D.~A. and {Morales}, M.~F. and 
			{Morgan}, E. and {Oberoi}, D. and {Prabu}, T. and {Rogers}, A.~E.~E. and 
		{Roshi}, D.~A. and {Udaya Shankar}, N. and {Srivani}, K.~S. and 
			{Subrahmanyan}, R. and {Waterson}, M. and {Wayth}, R.~B. and 
			{Webster}, R.~L. and {Whitney}, A.~R. and {Williams}, A. and 
				{Williams}, C.~L.},
		     title = "{The Low-frequency Characteristics of PSR J0437-4715 Observed with the Murchison Wide-field Array}",
				 journal = {\apjl},
				 archivePrefix = "arXiv",
				 eprint = {1407.4745},
				  primaryClass = "astro-ph.SR",
				 keywords = {instrumentation: interferometers, methods: observational, pulsars: general, pulsars: individual: PSR J0437-4715},
				 year = 2014,
				 month = aug,
				volume = 791,
				eid = {L32},
				  pages = {L32},
				   doi = {10.1088/2041-8205/791/2/L32},
			 adsurl = {http://adsabs.harvard.edu/abs/2014ApJ...791L..32B},
	   adsnote = {Provided by the SAO/NASA Astrophysics Data System}
}

@ARTICLE{Dyks10,
   author = {{Dyks}, J. and {Rudak}, B. and {Demorest}, P.},
    title = "{The nature of pulsar radio emission}",
  journal = {\mnras},
archivePrefix = "arXiv",
   eprint = {0908.1359},
 primaryClass = "astro-ph.SR",
 keywords = {radiation mechanisms: non-thermal, pulsars: general, pulsars: individual: J1012+5307, pulsars: individual: J0437-4715, pulsars: individual: B0525+21, pulsars: individual: B1913+16},
     year = 2010,
    month = jan,
   volume = 401,
    pages = {1781-1795},
      doi = {10.1111/j.1365-2966.2009.15679.x},
   adsurl = {http://adsabs.harvard.edu/abs/2010MNRAS.401.1781D},
  adsnote = {Provided by the SAO/NASA Astrophysics Data System}
}

@ARTICLE{Wang15,
   author = {{Wang}, J.~B. and {Hobbs}, G. and {Coles}, W. and {Shannon}, R.~M. and 
	{Zhu}, X.~J. and {Madison}, D.~R. and {Kerr}, M. and {Ravi}, V. and 
	{Keith}, M.~J. and {Manchester}, R.~N. and {Levin}, Y. and {Bailes}, M. and 
	{Bhat}, N.~D.~R. and {Burke-Spolaor}, S. and {Dai}, S. and {Os{\l}owski}, S. and 
	{van Straten}, W. and {Toomey}, L. and {Wang}, N. and {Wen}, L.
	},
    title = "{Searching for gravitational wave memory bursts with the Parkes Pulsar Timing Array}",
  journal = {\mnras},
archivePrefix = "arXiv",
   eprint = {1410.3323},
 keywords = {gravitational waves, methods: data analysis, pulsars: general},
     year = 2015,
    month = jan,
   volume = 446,
    pages = {1657-1671},
      doi = {10.1093/mnras/stu2137},
   adsurl = {http://adsabs.harvard.edu/abs/2015MNRAS.446.1657W},
  adsnote = {Provided by the SAO/NASA Astrophysics Data System}
}

@ARTICLE{Han06,
   author = {{Han}, J.~L. and {Manchester}, R.~N. and {Lyne}, A.~G. and {Qiao}, G.~J. and 
	{van Straten}, W.},
    title = "{Pulsar Rotation Measures and the Large-Scale Structure of the Galactic Magnetic Field}",
  journal = {\apj},
   eprint = {astro-ph/0601357},
 keywords = {Galaxies: Magnetic Fields, Galaxy: Structure, ISM: Magnetic Fields, Stars: Pulsars: General},
     year = 2006,
    month = may,
   volume = 642,
    pages = {868-881},
      doi = {10.1086/501444},
   adsurl = {http://adsabs.harvard.edu/abs/2006ApJ...642..868H},
  adsnote = {Provided by the SAO/NASA Astrophysics Data System}
}

@ARTICLE{Kara07,
   author = {{Karastergiou}, A. and {Johnston}, S.},
    title = "{An empirical model for the beams of radio pulsars}",
  journal = {\mnras},
archivePrefix = "arXiv",
   eprint = {0707.2547},
 keywords = {pulsars: general},
     year = 2007,
    month = oct,
   volume = 380,
    pages = {1678-1684},
      doi = {10.1111/j.1365-2966.2007.12237.x},
   adsurl = {http://adsabs.harvard.edu/abs/2007MNRAS.380.1678K},
  adsnote = {Provided by the SAO/NASA Astrophysics Data System}
}

@ARTICLE{Johnston06,
   author = {{Johnston}, S. and {Weisberg}, J.~M.},
    title = "{Profile morphology and polarization of young pulsars}",
  journal = {\mnras},
   eprint = {astro-ph/0603037},
 keywords = {pulsars: general},
     year = 2006,
    month = jun,
   volume = 368,
    pages = {1856-1870},
      doi = {10.1111/j.1365-2966.2006.10263.x},
   adsurl = {http://adsabs.harvard.edu/abs/2006MNRAS.368.1856J},
  adsnote = {Provided by the SAO/NASA Astrophysics Data System}
}

@ARTICLE{Chen14,
   author = {{Chen}, J.~L. and {Wang}, H.~G.},
    title = "{Frequency Dependence of Pulse Width for 150 Radio Normal Pulsars}",
  journal = {\apjs},
archivePrefix = "arXiv",
   eprint = {1406.5841},
 primaryClass = "astro-ph.HE",
 keywords = {methods: statistical, pulsars: general, radiation mechanisms: non-thermal },
     year = 2014,
    month = nov,
   volume = 215,
      eid = {11},
    pages = {11},
      doi = {10.1088/0067-0049/215/1/11},
   adsurl = {http://adsabs.harvard.edu/abs/2014ApJS..215...11C},
  adsnote = {Provided by the SAO/NASA Astrophysics Data System}
}

@ARTICLE{Wang14,
   author = {{Wang}, H.~G. and {Pi}, F.~P. and {Zheng}, X.~P. and {Deng}, C.~L. and 
	{Wen}, S.~Q. and {Ye}, F. and {Guan}, K.~Y. and {Liu}, Y. and 
	{Xu}, L.~Q.},
    title = "{A Fan Beam Model for Radio Pulsars. I. Observational Evidence}",
  journal = {\apj},
archivePrefix = "arXiv",
   eprint = {1405.6825},
 primaryClass = "astro-ph.HE",
 keywords = {methods: statistical, pulsars: general, radiation mechanisms: non-thermal },
     year = 2014,
    month = jul,
   volume = 789,
      eid = {73},
    pages = {73},
      doi = {10.1088/0004-637X/789/1/73},
   adsurl = {http://adsabs.harvard.edu/abs/2014ApJ...789...73W},
  adsnote = {Provided by the SAO/NASA Astrophysics Data System}
}

@ARTICLE{Espinoza13,
   author = {{Espinoza}, C.~M. and {Guillemot}, L. and {{\c C}elik}, {\"O}. and 
	{Weltevrede}, P. and {Stappers}, B.~W. and {Smith}, D.~A. and 
	{Kerr}, M. and {Zavlin}, V.~E. and {Cognard}, I. and {Eatough}, R.~P. and 
	{Freire}, P.~C.~C. and {Janssen}, G.~H. and {Camilo}, F. and 
	{Desvignes}, G. and {Hewitt}, J.~W. and {Hou}, X. and {Johnston}, S. and 
	{Keith}, M. and {Kramer}, M. and {Lyne}, A. and {Manchester}, R.~N. and 
	{Ransom}, S.~M. and {Ray}, P.~S. and {Shannon}, R. and {Theureau}, G. and 
	{Webb}, N.},
    title = "{Six millisecond pulsars detected by the Fermi Large Area Telescope and the radio/gamma-ray connection of millisecond pulsars}",
  journal = {\mnras},
archivePrefix = "arXiv",
   eprint = {1212.4360},
 primaryClass = "astro-ph.HE",
 keywords = {pulsars: general, gamma-rays: general, X-rays: general},
     year = 2013,
    month = mar,
   volume = 430,
    pages = {571-587},
      doi = {10.1093/mnras/sts657},
   adsurl = {http://adsabs.harvard.edu/abs/2013MNRAS.430..571E},
  adsnote = {Provided by the SAO/NASA Astrophysics Data System}
}

@ARTICLE{Abdo09,
   author = {{Abdo}, A.~A. and {Ackermann}, M. and {Ajello}, M. and {Atwood}, W.~B. and 
	{Axelsson}, M. and {Baldini}, L. and {Ballet}, J. and {Barbiellini}, G. and 
	{Baring}, M.~G. and {Bastieri}, D. and {Baughman}, B.~M. and 
	{Bechtol}, K. and {Bellazzini}, R. and {Berenji}, B. and {Bignami}, G.~F. and 
	{Blandford}, R.~D. and {Bloom}, E.~D. and {Bonamente}, E. and 
	{Borgland}, A.~W. and {Bregeon}, J. and {Brez}, A. and {Brigida}, M. and 
	{Bruel}, P. and {Burnett}, T.~H. and {Caliandro}, G.~A. and 
	{Cameron}, R.~A. and {Camilo}, F. and {Caraveo}, P.~A. and {Carlson}, P. and 
	{Casandjian}, J.~M. and {Cecchi}, C. and {{\c C}elik}, {\"O}. and 
	{Charles}, E. and {Chekhtman}, A. and {Cheung}, C.~C. and {Chiang}, J. and 
	{Ciprini}, S. and {Claus}, R. and {Cognard}, I. and {Cohen-Tanugi}, J. and 
	{Cominsky}, L.~R. and {Conrad}, J. and {Corbet}, R. and {Cutini}, S. and 
	{Dermer}, C.~D. and {Desvignes}, G. and {de Angelis}, A. and 
	{de Luca}, A. and {de Palma}, F. and {Digel}, S.~W. and {Dormody}, M. and 
	{do Couto e Silva}, E. and {Drell}, P.~S. and {Dubois}, R. and 
	{Dumora}, D. and {Edmonds}, Y. and {Farnier}, C. and {Favuzzi}, C. and 
	{Fegan}, S.~J. and {Focke}, W.~B. and {Frailis}, M. and {Freire}, P.~C.~C. and 
	{Fukazawa}, Y. and {Funk}, S. and {Fusco}, P. and {Gargano}, F. and 
	{Gasparrini}, D. and {Gehrels}, N. and {Germani}, S. and {Giebels}, B. and 
	{Giglietto}, N. and {Giordano}, F. and {Glanzman}, T. and {Godfrey}, G. and 
	{Grenier}, I.~A. and {Grondin}, M.~H. and {Grove}, J.~E. and 
	{Guillemot}, L. and {Guiriec}, S. and {Hanabata}, Y. and {Harding}, A.~K. and 
	{Hayashida}, M. and {Hays}, E. and {Hobbs}, G. and {Hughes}, R.~E. and 
	{J{\'o}hannesson}, G. and {Johnson}, A.~S. and {Johnson}, R.~P. and 
	{Johnson}, T.~J. and {Johnson}, W.~N. and {Johnston}, S. and 
	{Kamae}, T. and {Katagiri}, H. and {Kataoka}, J. and {Kawai}, N. and 
	{Kerr}, M. and {Kn{\"o}dlseder}, J. and {Kocian}, M.~L. and 
	{Kramer}, M. and {Kuss}, M. and {Lande}, J. and {Latronico}, L. and 
	{Lemoine-Goumard}, M. and {Longo}, F. and {Loparco}, F. and 
	{Lott}, B. and {Lovellette}, M.~N. and {Lubrano}, P. and {Madejski}, G.~M. and 
	{Makeev}, A. and {Manchester}, R.~N. and {Marelli}, M. and {Mazziotta}, M.~N. and 
	{McConville}, W. and {McEnery}, J.~E. and {McLaughlin}, M.~A. and 
	{Meurer}, C. and {Michelson}, P.~F. and {Mitthumsiri}, W. and 
	{Mizuno}, T. and {Moiseev}, A.~A. and {Monte}, C. and {Monzani}, M.~E. and 
	{Morselli}, A. and {Moskalenko}, I.~V. and {Murgia}, S. and 
	{Nolan}, P.~L. and {Norris}, J.~P. and {Nuss}, E. and {Ohsugi}, T. and 
	{Omodei}, N. and {Orlando}, E. and {Ormes}, J.~F. and {Paneque}, D. and 
	{Panetta}, J.~H. and {Parent}, D. and {Pelassa}, V. and {Pepe}, M. and 
	{Pesce-Rollins}, M. and {Piron}, F. and {Porter}, T.~A. and 
	{Rain{\`o}}, S. and {Rando}, R. and {Ransom}, S.~M. and {Ray}, P.~S. and 
	{Razzano}, M. and {Rea}, N. and {Reimer}, A. and {Reimer}, O. and 
	{Reposeur}, T. and {Ritz}, S. and {Rochester}, L.~S. and {Rodriguez}, A.~Y. and 
	{Romani}, R.~W. and {Roth}, M. and {Ryde}, F. and {Sadrozinski}, H.~F.~W. and 
	{Sanchez}, D. and {Sander}, A. and {Saz Parkinson}, P.~M. and 
	{Scargle}, J.~D. and {Schalk}, T.~L. and {Sgr{\`o}}, C. and 
	{Siskind}, E.~J. and {Smith}, D.~A. and {Smith}, P.~D. and {Spandre}, G. and 
	{Spinelli}, P. and {Stappers}, B.~W. and {Starck}, J.~L. and 
	{Striani}, E. and {Strickman}, M.~S. and {Suson}, D.~J. and 
	{Tajima}, H. and {Takahashi}, H. and {Tanaka}, T. and {Thayer}, J.~B. and 
	{Thayer}, J.~G. and {Theureau}, G. and {Thompson}, D.~J. and 
	{Thorsett}, S.~E. and {Tibaldo}, L. and {Torres}, D.~F. and 
	{Tosti}, G. and {Tramacere}, A. and {Uchiyama}, Y. and {Usher}, T.~L. and 
	{Van Etten}, A. and {Vasileiou}, V. and {Venter}, C. and {Vilchez}, N. and 
	{Vitale}, V. and {Waite}, A.~P. and {Wallace}, E. and {Wang}, P. and 
	{Watters}, K. and {Webb}, N. and {Weltevrede}, P. and {Winer}, B.~L. and 
	{Wood}, K.~S. and {Ylinen}, T. and {Ziegler}, M.},
    title = "{A Population of Gamma-Ray Millisecond Pulsars Seen with the Fermi Large Area Telescope}",
  journal = {Science},
     year = 2009,
    month = aug,
   volume = 325,
    pages = {848-},
      doi = {10.1126/science.1176113},
   adsurl = {http://adsabs.harvard.edu/abs/2009Sci...325..848A},
  adsnote = {Provided by the SAO/NASA Astrophysics Data System}
}

@ARTICLE{Abdo10,
   author = {{Abdo}, A.~A. and {Ackermann}, M. and {Ajello}, M. and {Atwood}, W.~B. and 
	{Axelsson}, M. and {Baldini}, L. and {Ballet}, J. and {Barbiellini}, G. and 
	{Baring}, M.~G. and {Bastieri}, D. and et al.},
    title = "{The First Fermi Large Area Telescope Catalog of Gamma-ray Pulsars}",
  journal = {\apjs},
archivePrefix = "arXiv",
   eprint = {0910.1608},
 primaryClass = "astro-ph.HE",
 keywords = {catalogs, gamma rays: general, pulsars: general, stars: neutron},
     year = 2010,
    month = apr,
   volume = 187,
    pages = {460-494},
      doi = {10.1088/0067-0049/187/2/460},
   adsurl = {http://adsabs.harvard.edu/abs/2010ApJS..187..460A},
  adsnote = {Provided by the SAO/NASA Astrophysics Data System}
}

@ARTICLE{Guillemot12,
   author = {{Guillemot}, L. and {Johnson}, T.~J. and {Venter}, C. and {Kerr}, M. and 
	{Pancrazi}, B. and {Livingstone}, M. and {Janssen}, G.~H. and 
	{Jaroenjittichai}, P. and {Kramer}, M. and {Cognard}, I. and 
	{Stappers}, B.~W. and {Harding}, A.~K. and {Camilo}, F. and 
	{Espinoza}, C.~M. and {Freire}, P.~C.~C. and {Gargano}, F. and 
	{Grove}, J.~E. and {Johnston}, S. and {Michelson}, P.~F. and 
	{Noutsos}, A. and {Parent}, D. and {Ransom}, S.~M. and {Ray}, P.~S. and 
	{Shannon}, R. and {Smith}, D.~A. and {Theureau}, G. and {Thorsett}, S.~E. and 
	{Webb}, N.},
    title = "{Pulsed Gamma Rays from the Original Millisecond and Black Widow Pulsars: A Case for Caustic Radio Emission?}",
  journal = {\apj},
archivePrefix = "arXiv",
   eprint = {1110.1271},
 primaryClass = "astro-ph.HE",
 keywords = {gamma rays: general, pulsars: general, pulsars: individual: PSR B1937+21 PSR B1957+20, radiation mechanisms: non-thermal},
     year = 2012,
    month = jan,
   volume = 744,
      eid = {33},
    pages = {33},
      doi = {10.1088/0004-637X/744/1/33},
   adsurl = {http://adsabs.harvard.edu/abs/2012ApJ...744...33G},
  adsnote = {Provided by the SAO/NASA Astrophysics Data System}
}

@ARTICLE{Abdo13,
   author = {{Abdo}, A.~A. and {Ajello}, M. and {Allafort}, A. and {Baldini}, L. and 
	{Ballet}, J. and {Barbiellini}, G. and {Baring}, M.~G. and {Bastieri}, D. and 
	{Belfiore}, A. and {Bellazzini}, R. and et al.},
    title = "{The Second Fermi Large Area Telescope Catalog of Gamma-Ray Pulsars}",
  journal = {\apjs},
archivePrefix = "arXiv",
   eprint = {1305.4385},
 primaryClass = "astro-ph.HE",
 keywords = {catalogs, pulsars: general, stars: neutron },
     year = 2013,
    month = oct,
   volume = 208,
      eid = {17},
    pages = {17},
      doi = {10.1088/0067-0049/208/2/17},
   adsurl = {http://adsabs.harvard.edu/abs/2013ApJS..208...17A},
  adsnote = {Provided by the SAO/NASA Astrophysics Data System}
}

@ARTICLE{Barr13,
   author = {{Barr}, E.~D. and {Guillemot}, L. and {Champion}, D.~J. and 
	{Kramer}, M. and {Eatough}, R.~P. and {Lee}, K.~J. and {Verbiest}, J.~P.~W. and 
	{Bassa}, C.~G. and {Camilo}, F. and {{\c C}elik}, {\"O}. and 
	{Cognard}, I. and {Ferrara}, E.~C. and {Freire}, P.~C.~C. and 
	{Janssen}, G.~H. and {Johnston}, S. and {Keith}, M. and {Lyne}, A.~G. and 
	{Michelson}, P.~F. and {Parkinson}, P.~M.~S. and {Ransom}, S.~M. and 
	{Ray}, P.~S. and {Stappers}, B.~W. and {Wood}, K.~S.},
    title = "{Pulsar searches of Fermi unassociated sources with the Effelsberg telescope}",
  journal = {\mnras},
archivePrefix = "arXiv",
   eprint = {1301.0359},
 primaryClass = "astro-ph.HE",
 keywords = {pulsars: general, pulsars: individual: PSR J1745+1017, gamma-rays: general},
     year = 2013,
    month = feb,
   volume = 429,
    pages = {1633-1642},
      doi = {10.1093/mnras/sts449},
   adsurl = {http://adsabs.harvard.edu/abs/2013MNRAS.429.1633B},
  adsnote = {Provided by the SAO/NASA Astrophysics Data System}
}

@ARTICLE{Crawford00,
   author = {{Crawford}, F. and {Kaspi}, V.~M. and {Bell}, J.~F.},
    title = "{A Search for Submillisecond Pulsations in Unidentified FIRST and NVSS Radio Sources}",
  journal = {\aj},
   eprint = {astro-ph/0001456},
 keywords = {STARS: PULSARS: GENERAL, RADIO CONTINUUM, SURVEYS},
     year = 2000,
    month = may,
   volume = 119,
    pages = {2376-2381},
      doi = {10.1086/301329},
   adsurl = {http://adsabs.harvard.edu/abs/2000AJ....119.2376C},
  adsnote = {Provided by the SAO/NASA Astrophysics Data System}
}

@ARTICLE{Cordes12,
   author = {{Cordes}, J.~M. and {Shannon}, R.~M.},
    title = "{Minimum Requirements for Detecting a Stochastic Gravitational Wave Background Using Pulsars}",
  journal = {\apj},
archivePrefix = "arXiv",
   eprint = {1106.4047},
 primaryClass = "astro-ph.GA",
 keywords = {gravitational waves, pulsars: general, stars: neutron, stars: rotation},
     year = 2012,
    month = may,
   volume = 750,
      eid = {89},
    pages = {89},
      doi = {10.1088/0004-637X/750/2/89},
   adsurl = {http://adsabs.harvard.edu/abs/2012ApJ...750...89C},
  adsnote = {Provided by the SAO/NASA Astrophysics Data System}
}

@ARTICLE{Wang05,
   author = {{Wang}, N. and {Manchester}, R.~N. and {Johnston}, S. and {Rickett}, B. and 
	{Zhang}, J. and {Yusup}, A. and {Chen}, M.},
    title = "{Long-term scintillation observations of five pulsars at 1540 MHz}",
  journal = {\mnras},
   eprint = {astro-ph/0501218},
 keywords = {ISM: general, ISM: structure, pulsars: general},
     year = 2005,
    month = mar,
   volume = 358,
    pages = {270-282},
      doi = {10.1111/j.1365-2966.2005.08798.x},
   adsurl = {http://adsabs.harvard.edu/abs/2005MNRAS.358..270W},
  adsnote = {Provided by the SAO/NASA Astrophysics Data System}
}



@ARTICLE{Michel87,
   author = {{Michel}, F.~C.},
    title = "{A pulsar emission model - Observational tests}",
  journal = {\apj},
 keywords = {Astronomical Models, Magnetic Field Configurations, Pulsars, Radio Emission, Stellar Magnetic Fields, Circular Polarization, Radio Astronomy},
     year = 1987,
    month = nov,
   volume = 322,
    pages = {822-830},
      doi = {10.1086/165775},
   adsurl = {http://adsabs.harvard.edu/abs/1987ApJ...322..822M},
  adsnote = {Provided by the SAO/NASA Astrophysics Data System}
}

@ARTICLE{Wang11,
   author = {{Wang}, C. and {Han}, J.~L. and {Lai}, D.},
    title = "{The Faraday rotation in the pulsar magnetosphere}",
  journal = {\mnras},
archivePrefix = "arXiv",
   eprint = {1105.2602},
 primaryClass = "astro-ph.SR",
 keywords = {polarization, radiative transfer, stars: magnetic field, pulsars: general},
     year = 2011,
    month = oct,
   volume = 417,
    pages = {1183-1191},
      doi = {10.1111/j.1365-2966.2011.19333.x},
   adsurl = {http://adsabs.harvard.edu/abs/2011MNRAS.417.1183W},
  adsnote = {Provided by the SAO/NASA Astrophysics Data System}
}

@ARTICLE{Mitra02,
	author = {{Mitra}, D. and {Rankin}, J.~M.},
	title = "{Toward an Empirical Theory of Pulsar Emission. VII. On the Spectral Behavior of Conal Beam Radii and Emission Heights}",
	journal = {\apj},
	eprint = {astro-ph/0205356},
	keywords = {Magnetohydrodynamics: MHD, Plasmas, Stars: Pulsars: General, Radiation Mechanisms: Nonthermal},
	year = 2002,
	month = sep,
	volume = 577,
	pages = {322-336},
	doi = {10.1086/342136},
	adsurl = {http://adsabs.harvard.edu/abs/2002ApJ...577..322M},
	adsnote = {Provided by the SAO/NASA Astrophysics Data System}
}

@ARTICLE{Mitra04,
	author = {{Mitra}, D. and {Li}, X.~H.},
	title = "{Comparing geometrical and delay radio emission heights in pulsars}",
	journal = {\aap},
	eprint = {astro-ph/0312560},
	keywords = {stars: pulsars: individual: PSR B0301+19, PSR B0525+21, PSR B1039-19, PSR B1737+13, PSR B2045-16, PSR B2111+46},
	year = 2004,
	month = jul,
	volume = 421,
	pages = {215-228},
	doi = {10.1051/0004-6361:20034094},
	adsurl = {http://adsabs.harvard.edu/abs/2004A%26A...421..215M},
	adsnote = {Provided by the SAO/NASA Astrophysics Data System}
}

@ARTICLE{Basu15,
	author = {{Basu}, R. and {Mitra}, D. and {Rankin}, J.~M.},
	title = "{Toward an Empirical Theory of Pulsar Emission. X. On the Precursor and Postcursor Emission}",
	journal = {\apj},
	archivePrefix = "arXiv",
	eprint = {1411.0117},
	keywords = {pulsars: general},
	year = 2015,
	month = jan,
	volume = 798,
	eid = {105},
	pages = {105},
	doi = {10.1088/0004-637X/798/2/105},
	adsurl = {http://adsabs.harvard.edu/abs/2015ApJ...798..105B},
	adsnote = {Provided by the SAO/NASA Astrophysics Data System}
}

@ARTICLE{hcm+12,
	   author = {{Hobbs}, G. and {Coles}, W. and {Manchester}, R.~N. and {Keith}, M.~J. and 
			{Shannon}, R.~M. and {Chen}, D. and {Bailes}, M. and {Bhat}, N.~D.~R. and 
			{Burke-Spolaor}, S. and {Champion}, D. and {Chaudhary}, A. and 
			{Hotan}, A. and {Khoo}, J. and {Kocz}, J. and {Levin}, Y. and 
			{Oslowski}, S. and {Preisig}, B. and {Ravi}, V. and {Reynolds}, J.~E. and 
			{Sarkissian}, J. and {van Straten}, W. and {Verbiest}, J.~P.~W. and 
			{Yardley}, D. and {You}, X.~P.},
	   title = "{Development of a pulsar-based time-scale}",
	   journal = {\mnras},
	   archivePrefix = "arXiv",
	   eprint = {1208.3560},
	   primaryClass = "astro-ph.IM",
	   keywords = {time, pulsars: general},
	   year = 2012,
	   month = dec,
	   volume = 427,
	   pages = {2780-2787},
	   doi = {10.1111/j.1365-2966.2012.21946.x},
	   adsurl = {http://adsabs.harvard.edu/abs/2012MNRAS.427.2780H},
	   adsnote = {Provided by the SAO/NASA Astrophysics Data System}
}

@ARTICLE{chm+10,
	author = {{Champion}, D.~J. and {Hobbs}, G.~B. and {Manchester}, R.~N. and 
		{Edwards}, R.~T. and {Backer}, D.~C. and {Bailes}, M. and {Bhat}, N.~D.~R. and 
		{Burke-Spolaor}, S. and {Coles}, W. and {Demorest}, P.~B. and 
		{Ferdman}, R.~D. and {Folkner}, W.~M. and {Hotan}, A.~W. and 
		{Kramer}, M. and {Lommen}, A.~N. and {Nice}, D.~J. and {Purver}, M.~B. and 
		{Sarkissian}, J.~M. and {Stairs}, I.~H. and {van Straten}, W. and 
		{Verbiest}, J.~P.~W. and {Yardley}, D.~R.~B.},
	title = "{Measuring the Mass of Solar System Planets Using Pulsar Timing}",
	journal = {\apjl},
	archivePrefix = "arXiv",
	eprint = {1008.3607},
	primaryClass = "astro-ph.EP",
	keywords = {planets and satellites: general, planets and satellites: individual: Jupiter, pulsars: general},
	year = 2010,
	month = sep,
	volume = 720,
	pages = {L201-L205},
	doi = {10.1088/2041-8205/720/2/L201},
	adsurl = {http://adsabs.harvard.edu/abs/2010ApJ...720L.201C},
	adsnote = {Provided by the SAO/NASA Astrophysics Data System}
}

@ARTICLE{rwh+12,
	author = {{Ravi}, V. and {Wyithe}, J.~S.~B. and {Hobbs}, G. and {Shannon}, R.~M. and 
		{Manchester}, R.~N. and {Yardley}, D.~R.~B. and {Keith}, M.~J.
	},
	title = "{Does a ''Stochastic'' Background of Gravitational Waves Exist in the Pulsar Timing Band?}",
	journal = {\apj},
	archivePrefix = "arXiv",
	eprint = {1210.3854},
	primaryClass = "astro-ph.CO",
	keywords = {black hole physics, galaxies: evolution, gravitational waves, methods: data analysis },
	year = 2012,
	month = dec,
	volume = 761,
	eid = {84},
	pages = {84},
	doi = {10.1088/0004-637X/761/2/84},
	adsurl = {http://adsabs.harvard.edu/abs/2012ApJ...761...84R},
	adsnote = {Provided by the SAO/NASA Astrophysics Data System}
}

@ARTICLE{oms10,
	author = {{\"O}lmez, S. and {Mandic}, V. and {Siemens}, X.},
	title = "{Gravitational-wave stochastic background from kinks and cusps on cosmic strings}",
	journal = {\prd},
	archivePrefix = "arXiv",
	eprint = {1004.0890},
	primaryClass = "astro-ph.CO",
	keywords = {Wave generation and sources},
	year = 2010,
	month = may,
	volume = 81,
	number = 10,
	eid = {104028},
	pages = {104028},
	doi = {10.1103/PhysRevD.81.104028},
	adsurl = {http://adsabs.harvard.edu/abs/2010PhRvD..81j4028O},
	adsnote = {Provided by the SAO/NASA Astrophysics Data System}
}

@ARTICLE{tzz+14,
	author = {{Tong}, M.~L. and {Zhang}, Y. and {Zhao}, W. and {Liu}, J.~Z. and 
		{Zhao}, C.~S. and {Yang}, T.~G.},
	title = "{Using pulsar timing arrays and the quantum normalization condition to constrain relic gravitational waves}",
	journal = {Classical and Quantum Gravity},
	archivePrefix = "arXiv",
	eprint = {1311.7192},
	primaryClass = "astro-ph.CO",
	year = 2014,
	month = feb,
	volume = 31,
	number = 3,
	eid = {035001},
	pages = {035001},
	doi = {10.1088/0264-9381/31/3/035001},
	adsurl = {http://adsabs.harvard.edu/abs/2014CQGra..31c5001T},
	adsnote = {Provided by the SAO/NASA Astrophysics Data System}
}

@ARTICLE{jhv+06,
	author = {{Jenet}, F.~A. and {Hobbs}, G.~B. and {van Straten}, W. and 
		{Manchester}, R.~N. and {Bailes}, M. and {Verbiest}, J.~P.~W. and 
		{Edwards}, R.~T. and {Hotan}, A.~W. and {Sarkissian}, J.~M. and 
		{Ord}, S.~M.},
	title = "{Upper Bounds on the Low-Frequency Stochastic Gravitational Wave Background from Pulsar Timing Observations: Current Limits and Future Prospects}",
	journal = {\apj},
	eprint = {astro-ph/0609013},
	keywords = {Gravitational Waves, Stars: Pulsars: General},
	year = 2006,
	month = dec,
	volume = 653,
	pages = {1571-1576},
	doi = {10.1086/508702},
	adsurl = {http://adsabs.harvard.edu/abs/2006ApJ...653.1571J},
	adsnote = {Provided by the SAO/NASA Astrophysics Data System}
}

@ARTICLE{ych+11,
	author = {{Yardley}, D.~R.~B. and {Coles}, W.~A. and {Hobbs}, G.~B. and 
		{Verbiest}, J.~P.~W. and {Manchester}, R.~N. and {van Straten}, W. and 
		{Jenet}, F.~A. and {Bailes}, M. and {Bhat}, N.~D.~R. and {Burke-Spolaor}, S. and 
		{Champion}, D.~J. and {Hotan}, A.~W. and {Oslowski}, S. and 
		{Reynolds}, J.~E. and {Sarkissian}, J.~M.},
	title = "{On detection of the stochastic gravitational-wave background using the Parkes pulsar timing array}",
	journal = {\mnras},
	archivePrefix = "arXiv",
	eprint = {1102.2230},
	primaryClass = "astro-ph.GA",
	keywords = {gravitational waves, methods: data analysis, stars: pulsars: general},
	year = 2011,
	month = jun,
	volume = 414,
	pages = {1777-1787},
	doi = {10.1111/j.1365-2966.2011.18517.x},
	adsurl = {http://adsabs.harvard.edu/abs/2011MNRAS.414.1777Y},
	adsnote = {Provided by the SAO/NASA Astrophysics Data System}
}

@ARTICLE{vlj+11,
	author = {{van Haasteren}, R. and {Levin}, Y. and {Janssen}, G.~H. and 
		{Lazaridis}, K. and {Kramer}, M. and {Stappers}, B.~W. and {Desvignes}, G. and 
		{Purver}, M.~B. and {Lyne}, A.~G. and {Ferdman}, R.~D. and {Jessner}, A. and 
		{Cognard}, I. and {Theureau}, G. and {D'Amico}, N. and {Possenti}, A. and 
		{Burgay}, M. and {Corongiu}, A. and {Hessels}, J.~W.~T. and 
		{Smits}, R. and {Verbiest}, J.~P.~W.},
	title = "{Placing limits on the stochastic gravitational-wave background using European Pulsar Timing Array data}",
	journal = {\mnras},
	archivePrefix = "arXiv",
	eprint = {1103.0576},
	primaryClass = "astro-ph.CO",
	keywords = {gravitational waves, methods: data analysis, pulsars: general},
	year = 2011,
	month = jul,
	volume = 414,
	pages = {3117-3128},
	doi = {10.1111/j.1365-2966.2011.18613.x},
	adsurl = {http://adsabs.harvard.edu/abs/2011MNRAS.414.3117V},
	adsnote = {Provided by the SAO/NASA Astrophysics Data System}
}

@ARTICLE{dfg+13,
	author = {{Demorest}, P.~B. and {Ferdman}, R.~D. and {Gonzalez}, M.~E. and 
		{Nice}, D. and {Ransom}, S. and {Stairs}, I.~H. and {Arzoumanian}, Z. and 
		{Brazier}, A. and {Burke-Spolaor}, S. and {Chamberlin}, S.~J. and 
		{Cordes}, J.~M. and {Ellis}, J. and {Finn}, L.~S. and {Freire}, P. and 
		{Giampanis}, S. and {Jenet}, F. and {Kaspi}, V.~M. and {Lazio}, J. and 
		{Lommen}, A.~N. and {McLaughlin}, M. and {Palliyaguru}, N. and 
		{Perrodin}, D. and {Shannon}, R.~M. and {Siemens}, X. and {Stinebring}, D. and 
		{Swiggum}, J. and {Zhu}, W.~W.},
	title = "{Limits on the Stochastic Gravitational Wave Background from the North American Nanohertz Observatory for Gravitational Waves}",
	journal = {\apj},
	archivePrefix = "arXiv",
	eprint = {1201.6641},
	primaryClass = "astro-ph.CO",
	keywords = {gravitational waves, methods: data analysis, pulsars: general, pulsars: individual: J0030+0451 J0613-0200 J1012+5307 J1455-3330 J1600-3053 J1640+2224 J1643-1224 J1713+0747 J1744-1134 J1853+1308 B1855+09 J1909-3744 J1910+1256 J1918-0642 B1953+29 J2145-0750 J2317+1439},
	year = 2013,
	month = jan,
	volume = 762,
	eid = {94},
	pages = {94},
	doi = {10.1088/0004-637X/762/2/94},
	adsurl = {http://adsabs.harvard.edu/abs/2013ApJ...762...94D},
	adsnote = {Provided by the SAO/NASA Astrophysics Data System}
}

@ARTICLE{cbl+93,
	author = {{Cognard}, I. and {Bourgois}, G. and {Lestrade}, J.-F. and {Biraud}, F. and 
		{Aubry}, D. and {Darchy}, B. and {Drouhin}, J.-P.},
	title = "{An extreme scattering event in the direction of the millisecond pulsar 1937 + 21}",
	journal = {\nat},
	year = 1993,
	month = dec,
	volume = 366,
	pages = {320-322},
	doi = {10.1038/366320a0},
	adsurl = {http://adsabs.harvard.edu/abs/1993Natur.366..320C},
	adsnote = {Provided by the SAO/NASA Astrophysics Data System}
}

@ARTICLE{mlc03,
	author = {{Maitia}, V. and {Lestrade}, J.-F. and {Cognard}, I.},
	title = "{A 3 Year Long Extreme Scattering Event in the Direction of the Millisecond Pulsar J1643-1224}",
	journal = {\apj},
	keywords = {ISM: General, Stars: Pulsars: Individual: Alphanumeric: PSR J1643-1224, Scattering},
	year = 2003,
	month = jan,
	volume = 582,
	pages = {972-977},
	doi = {10.1086/344816},
	adsurl = {http://adsabs.harvard.edu/abs/2003ApJ...582..972M},
	adsnote = {Provided by the SAO/NASA Astrophysics Data System}
}

@ARTICLE{sti13,
	author = {{Stinebring}, D.},
	title = "{Effects of the interstellar medium on detection of low-frequency gravitational waves}",
	journal = {Classical and Quantum Gravity},
	archivePrefix = "arXiv",
	eprint = {1310.8316},
	primaryClass = "astro-ph.HE",
	year = 2013,
	month = nov,
	volume = 30,
	number = 22,
	eid = {224006},
	pages = {224006},
	doi = {10.1088/0264-9381/30/22/224006},
	adsurl = {http://adsabs.harvard.edu/abs/2013CQGra..30v4006S},
	adsnote = {Provided by the SAO/NASA Astrophysics Data System}
}

@ARTICLE{dem11,
	author = {{Demorest}, P.~B.},
	title = "{Cyclic spectral analysis of radio pulsars}",
	journal = {\mnras},
	archivePrefix = "arXiv",
	eprint = {1106.3345},
	primaryClass = "astro-ph.IM",
	keywords = {scattering, methods: data analysis, pulsars: general, pulsars: individual: PSR B1937+21, ISM: general},
	year = 2011,
	month = oct,
	volume = 416,
	pages = {2821-2826},
	doi = {10.1111/j.1365-2966.2011.19230.x},
	adsurl = {http://adsabs.harvard.edu/abs/2011MNRAS.416.2821D},
	adsnote = {Provided by the SAO/NASA Astrophysics Data System}
}

@ARTICLE{yhc+07,
	author = {{You}, X.~P. and {Hobbs}, G.~B. and {Coles}, W.~A. and {Manchester}, R.~N. and 
		{Han}, J.~L.},
	title = "{An Improved Solar Wind Electron Density Model for Pulsar Timing}",
	journal = {\apj},
	archivePrefix = "arXiv",
	eprint = {0709.0135},
	keywords = {Stars: Pulsars: General- Sun: Solar Wind},
	year = 2007,
	month = dec,
	volume = 671,
	pages = {907-911},
	doi = {10.1086/522227},
	adsurl = {http://adsabs.harvard.edu/abs/2007ApJ...671..907Y},
	adsnote = {Provided by the SAO/NASA Astrophysics Data System}
}

@ARTICLE{fwe+12,
	author = {{Freire}, P.~C.~C. and {Wex}, N. and {Esposito-Far{\`e}se}, G. and 
		{Verbiest}, J.~P.~W. and {Bailes}, M. and {Jacoby}, B.~A. and 
		{Kramer}, M. and {Stairs}, I.~H. and {Antoniadis}, J. and {Janssen}, G.~H.
	},
	title = "{The relativistic pulsar-white dwarf binary PSR J1738+0333 - II. The most stringent test of scalar-tensor gravity}",
	journal = {\mnras},
	archivePrefix = "arXiv",
	eprint = {1205.1450},
	primaryClass = "astro-ph.GA",
	keywords = {gravitation, gravitational waves, pulsars: individual: PSR J1738+0333},
	year = 2012,
	month = jul,
	volume = 423,
	pages = {3328-3343},
	doi = {10.1111/j.1365-2966.2012.21253.x},
	adsurl = {http://adsabs.harvard.edu/abs/2012MNRAS.423.3328F},
	adsnote = {Provided by the SAO/NASA Astrophysics Data System}
}

@ARTICLE{vbv+08,
	author = {{Verbiest}, J.~P.~W. and {Bailes}, M. and {van Straten}, W. and 
		{Hobbs}, G.~B. and {Edwards}, R.~T. and {Manchester}, R.~N. and 
		{Bhat}, N.~D.~R. and {Sarkissian}, J.~M. and {Jacoby}, B.~A. and 
		{Kulkarni}, S.~R.},
	title = "{Precision Timing of PSR J0437-4715: An Accurate Pulsar Distance, a High Pulsar Mass, and a Limit on the Variation of Newton's Gravitational Constant}",
	journal = {\apj},
	archivePrefix = "arXiv",
	eprint = {0801.2589},
	keywords = {Stars: Pulsars: Individual: Alphanumeric: PSR J0437-4715, Stars: Distances, Stars: Neutron},
	year = 2008,
	month = may,
	volume = 679,
	pages = {675-680},
	doi = {10.1086/529576},
	adsurl = {http://adsabs.harvard.edu/abs/2008ApJ...679..675V},
	adsnote = {Provided by the SAO/NASA Astrophysics Data System}
}

@ARTICLE{dhy+13,
	author = {{Deng}, X.~P. and {Hobbs}, G. and {You}, X.~P. and {Li}, M.~T. and 
		{Keith}, M.~J. and {Shannon}, R.~M. and {Coles}, W. and {Manchester}, R.~N. and 
		{Zheng}, J.~H. and {Yu}, X.~Z. and {Gao}, D. and {Wu}, X. and 
		{Chen}, D.},
	title = "{Interplanetary spacecraft navigation using pulsars}",
	journal = {Advances in Space Research},
	archivePrefix = "arXiv",
	eprint = {1307.5375},
	primaryClass = "astro-ph.IM",
	year = 2013,
	month = nov,
	volume = 52,
	pages = {1602-1621},
	doi = {10.1016/j.asr.2013.07.025},
	adsurl = {http://adsabs.harvard.edu/abs/2013AdSpR..52.1602D},
	adsnote = {Provided by the SAO/NASA Astrophysics Data System}
}

@ARTICLE{nsw83,
	author = {{Newhall}, X.~X. and {Standish}, E.~M. and {Williams}, J.~G.
	},
	title = "{DE 102 - A numerically integrated ephemeris of the moon and planets spanning forty-four centuries}",
	journal = {\aap},
	keywords = {Astrometry, Planet Ephemerides, Errors, Least Squares Method, Libration, Lunar Rangefinding, Numerical Integration, Orbital Mechanics, Radar Measurement, PLANETS, MOON, ASTRONOMY, EPHEMERIS, ANALYSIS, PROCEDURE, OBSERVATIONS, RADAR OBSERVATIONS, LASER RANGING, MODELS, ACCRETION, COMPARISONS, HISTORY, THEORETICAL STUDIES, PARAMETERS},
	year = 1983,
	month = aug,
	volume = 125,
	pages = {150-167},
	adsurl = {http://adsabs.harvard.edu/abs/1983A%26A...125..150N},
	adsnote = {Provided by the SAO/NASA Astrophysics Data System}
}

@ARTICLE{fmlg08,
	author = {{Fienga}, A. and {Manche}, H. and {Laskar}, J. and {Gastineau}, M.
	},
	title = "{INPOP06: a new numerical planetary ephemeris}",
	journal = {\aap},
	keywords = {celestial mechanics, ephemerides, astrometry},
	year = 2008,
	month = jan,
	volume = 477,
	pages = {315-327},
	doi = {10.1051/0004-6361:20066607},
	adsurl = {http://adsabs.harvard.edu/abs/2008A%26A...477..315F},
	adsnote = {Provided by the SAO/NASA Astrophysics Data System}
}

@ARTICLE{pit05,
	author = {{Pitjeva}, E.~V.},
	title = "{High-Precision Ephemerides of Planets -- EPM and Determination of Some Astronomical Constants}",
	journal = {Solar System Research},
	year = 2005,
	month = may,
	volume = 39,
	pages = {176-186},
	doi = {10.1007/s11208-005-0033-2},
	adsurl = {http://adsabs.harvard.edu/abs/2005SoSyR..39..176P},
	adsnote = {Provided by the SAO/NASA Astrophysics Data System}
}

@ARTICLE{sejr13,
	author = {{Siemens}, X. and {Ellis}, J. and {Jenet}, F. and {Romano}, J.~D.
	},
	title = "{The stochastic background: scaling laws and time to detection for pulsar timing arrays}",
	journal = {Classical and Quantum Gravity},
	archivePrefix = "arXiv",
	eprint = {1305.3196},
	primaryClass = "astro-ph.IM",
	year = 2013,
	month = nov,
	volume = 30,
	number = 22,
	eid = {224015},
	pages = {224015},
	doi = {10.1088/0264-9381/30/22/224015},
	adsurl = {http://adsabs.harvard.edu/abs/2013CQGra..30v4015S},
	adsnote = {Provided by the SAO/NASA Astrophysics Data System}
}

@ARTICLE{rws+14,
	author = {{Ravi}, V. and {Wyithe}, J.~S.~B. and {Shannon}, R.~M. and {Hobbs}, G. and 
		{Manchester}, R.~N.},
	title = "{Binary supermassive black hole environments diminish the gravitational wave signal in the pulsar timing band}",
	journal = {\mnras},
	archivePrefix = "arXiv",
	eprint = {1404.5183},
	keywords = {black hole physics, gravitational waves, methods: data analysis, galaxies: evolution},
	year = 2014,
	month = jul,
	volume = 442,
	pages = {56-68},
	doi = {10.1093/mnras/stu779},
	adsurl = {http://adsabs.harvard.edu/abs/2014MNRAS.442...56R},
	adsnote = {Provided by the SAO/NASA Astrophysics Data System}
}

@ARTICLE{ses13,
	author = {{Sesana}, A.},
	title = "{Gravitational wave emission from binary supermassive black holes}",
	journal = {Classical and Quantum Gravity},
	archivePrefix = "arXiv",
	eprint = {1307.4086},
	primaryClass = "astro-ph.CO",
	year = 2013,
	month = dec,
	volume = 30,
	number = 24,
	eid = {244009},
	pages = {244009},
	doi = {10.1088/0264-9381/30/24/244009},
	adsurl = {http://adsabs.harvard.edu/abs/2013CQGra..30x4009S},
	adsnote = {Provided by the SAO/NASA Astrophysics Data System}
}

@ARTICLE{msmv13,
	author = {{Mingarelli}, C.~M.~F. and {Sidery}, T. and {Mandel}, I. and 
		{Vecchio}, A.},
	title = "{Characterizing gravitational wave stochastic background anisotropy with pulsar timing arrays}",
	journal = {\prd},
	archivePrefix = "arXiv",
	eprint = {1306.5394},
	primaryClass = "astro-ph.HE",
	keywords = {Gravitational wave detectors and experiments, Numerical studies of black holes and black-hole binaries, Gravitational waves: theory, Pulsars},
	year = 2013,
	month = sep,
	volume = 88,
	number = 6,
	eid = {062005},
	pages = {062005},
	doi = {10.1103/PhysRevD.88.062005},
	adsurl = {http://adsabs.harvard.edu/abs/2013PhRvD..88f2005M},
	adsnote = {Provided by the SAO/NASA Astrophysics Data System}
}

@ARTICLE{lee13,
	author = {{Lee}, K.~J.},
	title = "{Pulsar timing arrays and gravity tests in the radiative regime}",
	journal = {Classical and Quantum Gravity},
	year = 2013,
	month = nov,
	volume = 30,
	number = 22,
	eid = {224016},
	pages = {224016},
	doi = {10.1088/0264-9381/30/22/224016},
	adsurl = {http://adsabs.harvard.edu/abs/2013CQGra..30v4016L},
	adsnote = {Provided by the SAO/NASA Astrophysics Data System}
}

@ARTICLE{ljp+10,
	author = {{Lee}, K. and {Jenet}, F.~A. and {Price}, R.~H. and {Wex}, N. and 
		{Kramer}, M.},
	title = "{Detecting Massive Gravitons Using Pulsar Timing Arrays}",
	journal = {\apj},
	archivePrefix = "arXiv",
	eprint = {1008.2561},
	primaryClass = "astro-ph.HE",
	keywords = {elementary particles, gravitational waves, pulsars: general},
	year = 2010,
	month = oct,
	volume = 722,
	pages = {1589-1597},
	doi = {10.1088/0004-637X/722/2/1589},
	adsurl = {http://adsabs.harvard.edu/abs/2010ApJ...722.1589L},
	adsnote = {Provided by the SAO/NASA Astrophysics Data System}
}

@ARTICLE{ljp+08,
	author = {{Lee}, K.~J. and {Jenet}, F.~A. and {Price}, R.~H.},
	title = "{Pulsar Timing as a Probe of Non-Einsteinian Polarizations of Gravitational Waves}",
	journal = {\apj},
	keywords = {Gravitational Waves, Stars: Pulsars: General},
	year = 2008,
	month = oct,
	volume = 685,
	pages = {1304-1319},
	doi = {10.1086/591080},
	adsurl = {http://adsabs.harvard.edu/abs/2008ApJ...685.1304L},
	adsnote = {Provided by the SAO/NASA Astrophysics Data System}
}

@ARTICLE{hlk10,
	author = {{Hobbs}, G. and {Lyne}, A.~G. and {Kramer}, M.},
	title = "{An analysis of the timing irregularities for 366 pulsars}",
	journal = {\mnras},
	archivePrefix = "arXiv",
	eprint = {0912.4537},
	primaryClass = "astro-ph.GA",
	keywords = {pulsars: general},
	year = 2010,
	month = feb,
	volume = 402,
	pages = {1027-1048},
	doi = {10.1111/j.1365-2966.2009.15938.x},
	adsurl = {http://adsabs.harvard.edu/abs/2010MNRAS.402.1027H},
	adsnote = {Provided by the SAO/NASA Astrophysics Data System}
}

@ARTICLE{lhk+10,
	author = {{Lyne}, A. and {Hobbs}, G. and {Kramer}, M. and {Stairs}, I. and 
		{Stappers}, B.},
	title = "{Switched Magnetospheric Regulation of Pulsar Spin-Down}",
	journal = {Science},
	archivePrefix = "arXiv",
	eprint = {1006.5184},
	primaryClass = "astro-ph.GA",
	year = 2010,
	month = jul,
	volume = 329,
	pages = {408-},
	doi = {10.1126/science.1186683},
	adsurl = {http://adsabs.harvard.edu/abs/2010Sci...329..408L},
	adsnote = {Provided by the SAO/NASA Astrophysics Data System}
}

@ARTICLE{cfl+06,
	author = {{Cordes}, J.~M. and {Freire}, P.~C.~C. and {Lorimer}, D.~R. and 
		{Camilo}, F. and {Champion}, D.~J. and {Nice}, D.~J. and {Ramachandran}, R. and 
		{Hessels}, J.~W.~T. and {Vlemmings}, W. and {van Leeuwen}, J. and 
		{Ransom}, S.~M. and {Bhat}, N.~D.~R. and {Arzoumanian}, Z. and 
		{McLaughlin}, M.~A. and {Kaspi}, V.~M. and {Kasian}, L. and 
		{Deneva}, J.~S. and {Reid}, B. and {Chatterjee}, S. and {Han}, J.~L. and 
		{Backer}, D.~C. and {Stairs}, I.~H. and {Deshpande}, A.~A. and 
		{Faucher-Gigu{\`e}re}, C.-A.},
	title = "{Arecibo Pulsar Survey Using ALFA. I. Survey Strategy and First Discoveries}",
	journal = {\apj},
	eprint = {astro-ph/0509732},
	keywords = {Stars: Pulsars: General, pulsars: individual (PSR J0628+09), pulsars: individual (PSR J1906+07), pulsars: individual (PSR J1928+1746), Surveys},
	year = 2006,
	month = jan,
	volume = 637,
	pages = {446-455},
	doi = {10.1086/498335},
	adsurl = {http://adsabs.harvard.edu/abs/2006ApJ...637..446C},
	adsnote = {Provided by the SAO/NASA Astrophysics Data System}
}

@ARTICLE{fsk+04,
	author = {{Faulkner}, A.~J. and {Stairs}, I.~H. and {Kramer}, M. and {Lyne}, A.~G. and 
		{Hobbs}, G. and {Possenti}, A. and {Lorimer}, D.~R. and {Manchester}, R.~N. and 
		{McLaughlin}, M.~A. and {D'Amico}, N. and {Camilo}, F. and {Burgay}, M.
	},
	title = "{The Parkes Multibeam Pulsar Survey - V. Finding binary and millisecond pulsars}",
	journal = {\mnras},
	eprint = {astro-ph/0408228},
	keywords = {surveys, pulsars: general, pulsars: individual: PSR J1744-3922, pulsars: individual: PSR J1801-1417, pulsars: individual: PSR J1802-2124},
	year = 2004,
	month = nov,
	volume = 355,
	pages = {147-158},
	doi = {10.1111/j.1365-2966.2004.08310.x},
	adsurl = {http://adsabs.harvard.edu/abs/2004MNRAS.355..147F},
	adsnote = {Provided by the SAO/NASA Astrophysics Data System}
}

@ARTICLE{crl+08,
	author = {{Champion}, D.~J. and {Ransom}, S.~M. and {Lazarus}, P. and 
		{Camilo}, F. and {Bassa}, C. and {Kaspi}, V.~M. and {Nice}, D.~J. and 
		{Freire}, P.~C.~C. and {Stairs}, I.~H. and {van Leeuwen}, J. and 
		{Stappers}, B.~W. and {Cordes}, J.~M. and {Hessels}, J.~W.~T. and 
		{Lorimer}, D.~R. and {Arzoumanian}, Z. and {Backer}, D.~C. and 
		{Bhat}, N.~D.~R. and {Chatterjee}, S. and {Cognard}, I. and 
		{Deneva}, J.~S. and {Faucher-Gigu{\`e}re}, C.-A. and {Gaensler}, B.~M. and 
		{Han}, J. and {Jenet}, F.~A. and {Kasian}, L. and {Kondratiev}, V.~I. and 
		{Kramer}, M. and {Lazio}, J. and {McLaughlin}, M.~A. and {Venkataraman}, A. and 
		{Vlemmings}, W.},
	title = "{An Eccentric Binary Millisecond Pulsar in the Galactic Plane}",
	journal = {Science},
	archivePrefix = "arXiv",
	eprint = {0805.2396},
	year = 2008,
	month = jun,
	volume = 320,
	pages = {1309-},
	doi = {10.1126/science.1157580},
	adsurl = {http://adsabs.harvard.edu/abs/2008Sci...320.1309C},
	adsnote = {Provided by the SAO/NASA Astrophysics Data System}
}

@ARTICLE{blr+13,
	author = {{Boyles}, J. and {Lynch}, R.~S. and {Ransom}, S.~M. and {Stairs}, I.~H. and 
		{Lorimer}, D.~R. and {McLaughlin}, M.~A. and {Hessels}, J.~W.~T. and 
		{Kaspi}, V.~M. and {Kondratiev}, V.~I. and {Archibald}, A. and 
		{Berndsen}, A. and {Cardoso}, R.~F. and {Cherry}, A. and {Epstein}, C.~R. and 
		{Karako-Argaman}, C. and {McPhee}, C.~A. and {Pennucci}, T. and 
		{Roberts}, M.~S.~E. and {Stovall}, K. and {van Leeuwen}, J.},
	title = "{The Green Bank Telescope 350 MHz Drift-scan survey. I. Survey Observations and the Discovery of 13 Pulsars}",
	journal = {\apj},
	archivePrefix = "arXiv",
	eprint = {1209.4293},
	primaryClass = "astro-ph.HE",
	keywords = {pulsars: general, pulsars: individual: PSR J1327{\ndash}0755 PSR J1623{\ndash}0841 PSR J1737{\ndash}0814 PSR J1941{\ndash}0121 PSR J2222{\ndash}0137, stars: neutron},
	year = 2013,
	month = feb,
	volume = 763,
	eid = {80},
	pages = {80},
	doi = {10.1088/0004-637X/763/2/80},
	adsurl = {http://adsabs.harvard.edu/abs/2013ApJ...763...80B},
	adsnote = {Provided by the SAO/NASA Astrophysics Data System}
}

@INPROCEEDINGS{ng13,
	author = {{Ng}, C. and {HTRU Collaboration}},
	title = "{Conducting the deepest all-sky pulsar survey ever: the all-sky High Time Resolution Universe survey}",
	keywords = {surveys, stars: neutron, pulsars: general, pulsars: individual: J1719-1438},
	booktitle = {IAU Symposium},
	year = 2013,
	series = {IAU Symposium},
	volume = 291,
	archivePrefix = "arXiv",
	eprint = {1401.2826},
	primaryClass = "astro-ph.HE",
	editor = {{van Leeuwen}, J.},
	month = mar,
	pages = {53-56},
	doi = {10.1017/S1743921312023137},
	adsurl = {http://adsabs.harvard.edu/abs/2013IAUS..291...53N},
	adsnote = {Provided by the SAO/NASA Astrophysics Data System}
}

@ARTICLE{dhm+15,
	author = {{Dai}, S. and {Hobbs}, G. and {Manchester}, R.~N. and {Kerr}, M. and 
		{Shannon}, R.~M. and {van Straten}, W. and {Mata}, A. and {Bailes}, M. and 
		{Bhat}, N.~D.~R. and {Burke-Spolaor}, S. and {Coles}, W.~A. and 
		{Johnston}, S. and {Keith}, M.~J. and {Levin}, Y. and {Oslowski}, S. and 
		{Reardon}, D. and {Ravi}, V. and {Sarkissian}, J.~M. and {Tiburzi}, C. and 
		{Toomey}, L. and {Wang}, H.~G. and {Wang}, J.-B. and {Wen}, L. and 
		{Xu}, R.~X. and {Yan}, W.~M. and {Zhu}, X.-J.},
	title = "{A Study of Multi-frequency Polarization Pulse Profiles of Millisecond Pulsars}",
	journal = {ArXiv e-prints},
	archivePrefix = "arXiv",
	eprint = {1503.01841},
	keywords = {Astrophysics - Astrophysics of Galaxies, Astrophysics - High Energy Astrophysical Phenomena},
	year = 2015,
	month = mar,
	adsurl = {http://adsabs.harvard.edu/abs/2015arXiv150301841D},
	adsnote = {Provided by the SAO/NASA Astrophysics Data System}
}

@ARTICLE{Edwards06,
	   author = {{Edwards}, R.~T. and {Hobbs}, G.~B. and {Manchester}, R.~N.},
		 title = "{TEMPO2, a new pulsar timing package - II. The timing model and precision estimates}",
		 journal = {\mnras},
		 eprint = {astro-ph/0607664},
		 keywords = {methods: data analysis, astrometry, celestial mechanics, time, pulsars: general},
		 year = 2006,
		 month = nov,
		 volume = 372,
		 pages = {1549-1574},
		 doi = {10.1111/j.1365-2966.2006.10870.x},
		 adsurl = {http://adsabs.harvard.edu/abs/2006MNRAS.372.1549E},
		 adsnote = {Provided by the SAO/NASA Astrophysics Data System}
}

@ARTICLE{hbp+68,
	author = {{Hewish}, A. and {Bell}, S.~J. and {Pilkington}, J.~D.~H. and 
		{Scott}, P.~F. and {Collins}, R.~A.},
	title = "{Observation of a Rapidly Pulsating Radio Source}",
	journal = {\nat},
	year = 1968,
	month = feb,
	volume = 217,
	pages = {709-713},
	doi = {10.1038/217709a0},
	adsurl = {http://adsabs.harvard.edu/abs/1968Natur.217..709H},
	adsnote = {Provided by the SAO/NASA Astrophysics Data System}
}

@ARTICLE{ht75,
	author = {{Hulse}, R.~A. and {Taylor}, J.~H.},
	title = "{Discovery of a pulsar in a binary system}",
	journal = {\apjl},
	keywords = {Binary Stars, Orbital Elements, Pulsars, Relativistic Effects, Black Holes (Astronomy), Companion Stars, Eccentric Orbits, Mass Ratios, Neutron Stars, Radial Velocity, Velocity Distribution},
	year = 1975,
	month = jan,
	volume = 195,
	pages = {L51-L53},
	doi = {10.1086/181708},
	adsurl = {http://adsabs.harvard.edu/abs/1975ApJ...195L..51H},
	adsnote = {Provided by the SAO/NASA Astrophysics Data System}
}

@ARTICLE{wf92,
	author = {{Wolszczan}, A. and {Frail}, D.~A.},
	title = "{A planetary system around the millisecond pulsar PSR1257 + 12}",
	journal = {\nat},
	keywords = {Binary Stars, Extrasolar Planets, Orbital Mechanics, Planetary Systems, Pulsars, Accretion Disks, Least Squares Method, Neutron Stars, Radio Astronomy, Supernova Remnants},
	year = 1992,
	month = jan,
	volume = 355,
	pages = {145-147},
	doi = {10.1038/355145a0},
	adsurl = {http://adsabs.harvard.edu/abs/1992Natur.355..145W},
	adsnote = {Provided by the SAO/NASA Astrophysics Data System}
}

@ARTICLE{wol94,
	author = {{Wolszczan}, A.},
	title = "{Confirmation of Earth-Mass Planets Orbiting the Millisecond Pulsar PSR B1257+12}",
	journal = {Science},
	year = 1994,
	month = apr,
	volume = 264,
	pages = {538-542},
	doi = {10.1126/science.264.5158.538},
	adsurl = {http://adsabs.harvard.edu/abs/1994Sci...264..538W},
	adsnote = {Provided by the SAO/NASA Astrophysics Data System}
}

@ARTICLE{lbm+87,
	author = {{Lyne}, A.~G. and {Brinklow}, A. and {Middleditch}, J. and {Kulkarni}, S.~R. and 
		{Backer}, D.~C.},
	title = "{The discovery of a millisecond pulsar in the globular cluster M28}",
	journal = {\nat},
	keywords = {Binary Stars, Globular Clusters, Pulsars, Stellar Mass Accretion, Stellar Rotation, Stellar Spectrophotometry, Angular Velocity, Linear Polarization, Stellar Evolution, Very Large Array (Vla)},
	year = 1987,
	month = jul,
	volume = 328,
	pages = {399-401},
	doi = {10.1038/328399a0},
	adsurl = {http://adsabs.harvard.edu/abs/1987Natur.328..399L},
	adsnote = {Provided by the SAO/NASA Astrophysics Data System}
}

@ARTICLE{fkl+01,
	author = {{Freire}, P.~C. and {Kramer}, M. and {Lyne}, A.~G. and {Camilo}, F. and 
		{Manchester}, R.~N. and {D'Amico}, N.},
	title = "{Detection of Ionized Gas in the Globular Cluster 47 Tucanae}",
	journal = {\apjl},
	eprint = {astro-ph/0107206},
	keywords = {Galaxy: Globular Clusters: Individual: Name: 47 Tucanae, Stars: Pulsars: General},
	year = 2001,
	month = aug,
	volume = 557,
	pages = {L105-L108},
	doi = {10.1086/323248},
	adsurl = {http://adsabs.harvard.edu/abs/2001ApJ...557L.105F},
	adsnote = {Provided by the SAO/NASA Astrophysics Data System}
}

@ARTICLE{wit84,
	author = {{Witten}, E.},
	title = "{Cosmic separation of phases}",
	journal = {\prd},
	year = 1984,
	month = jul,
	volume = 30,
	pages = {272-285},
	doi = {10.1103/PhysRevD.30.272},
	adsurl = {http://adsabs.harvard.edu/abs/1984PhRvD..30..272W},
	adsnote = {Provided by the SAO/NASA Astrophysics Data System}
}

@ARTICLE{hzs86,
	author = {{Haensel}, P. and {Zdunik}, J.~L. and {Schaefer}, R.},
	title = "{Strange quark stars}",
	journal = {\aap},
	keywords = {Neutron Stars, Quarks, Stellar Models, Nuclear Fusion, Stellar Envelopes, Stellar Mass, Stellar Mass Accretion},
	year = 1986,
	month = may,
	volume = 160,
	pages = {121-128},
	adsurl = {http://adsabs.harvard.edu/abs/1986A%26A...160..121H},
	adsnote = {Provided by the SAO/NASA Astrophysics Data System}
}

@ARTICLE{afo86,
	author = {{Alcock}, C. and {Farhi}, E. and {Olinto}, A.},
	title = "{Strange stars}",
	journal = {\apj},
	keywords = {Neutron Stars, Quarks, Stellar Evolution, Stellar Physics, Cooling, Equations Of State, Ground State, Stellar Structure},
	year = 1986,
	month = nov,
	volume = 310,
	pages = {261-272},
	doi = {10.1086/164679},
	adsurl = {http://adsabs.harvard.edu/abs/1986ApJ...310..261A},
	adsnote = {Provided by the SAO/NASA Astrophysics Data System}
}

@ARTICLE{rr74,
	author = {{Rhoades}, C.~E. and {Ruffini}, R.},
	title = "{Maximum Mass of a Neutron Star}",
	journal = {Physical Review Letters},
	year = 1974,
	month = feb,
	volume = 32,
	pages = {324-327},
	doi = {10.1103/PhysRevLett.32.324},
	adsurl = {http://adsabs.harvard.edu/abs/1974PhRvL..32..324R},
	adsnote = {Provided by the SAO/NASA Astrophysics Data System}
}

@ARTICLE{lgx13,
	author = {{Lai}, X.~Y. and {Gao}, C.~Y. and {Xu}, R.~X.},
	title = "{H-cluster stars}",
	journal = {\mnras},
	keywords = {dense matter, elementary particles, equation of state, stars: neutron, pulsars: general},
	year = 2013,
	month = jun,
	volume = 431,
	pages = {3282-3290},
	doi = {10.1093/mnras/stt407},
	adsurl = {http://adsabs.harvard.edu/abs/2013MNRAS.431.3282L},
	adsnote = {Provided by the SAO/NASA Astrophysics Data System}
}

@ARTICLE{dsl+15,
	author = {{Dai}, S. and {Smith}, M.~C. and {Lin}, M.~X. and {Yue}, Y.~L. and 
		{Hobbs}, G. and {Xu}, R.~X.},
	title = "{Gravitational Microlensing by Neutron Stars and Radio Pulsars: Event Rates, Timescale Distributions, and Mass Measurements}",
	journal = {\apj},
	archivePrefix = "arXiv",
	eprint = {1502.02776},
	keywords = {gravitational lensing: micro, pulsars: general, stars: neutron},
	year = 2015,
	month = apr,
	volume = 802,
	eid = {120},
	pages = {120},
	doi = {10.1088/0004-637X/802/2/120},
	adsurl = {http://adsabs.harvard.edu/abs/2015ApJ...802..120D},
	adsnote = {Provided by the SAO/NASA Astrophysics Data System}
}

@ARTICLE{gj69,
	author = {{Goldreich}, P. and {Julian}, W.~H.},
	title = "{Pulsar Electrodynamics}",
	journal = {\apj},
	year = 1969,
	month = aug,
	volume = 157,
	pages = {869},
	doi = {10.1086/150119},
	adsurl = {http://adsabs.harvard.edu/abs/1969ApJ...157..869G},
	adsnote = {Provided by the SAO/NASA Astrophysics Data System}
}

@ARTICLE{kom70,
	author = {{Komesaroff}, M.~M.},
	title = "{Possible Mechanism for the Pulsar Radio Emission}",
	journal = {\nat},
	year = 1970,
	month = feb,
	volume = 225,
	pages = {612-614},
	doi = {10.1038/225612a0},
	adsurl = {http://adsabs.harvard.edu/abs/1970Natur.225..612K},
	adsnote = {Provided by the SAO/NASA Astrophysics Data System}
}

@ARTICLE{rs75,
	author = {{Ruderman}, M.~A. and {Sutherland}, P.~G.},
	title = "{Theory of pulsars - Polar caps, sparks, and coherent microwave radiation}",
	journal = {\apj},
	keywords = {Coherent Electromagnetic Radiation, Neutron Stars, Pulsars, Stellar Atmospheres, Stellar Magnetic Fields, Angular Momentum, Astronomical Catalogs, Electron-Positron Pairs, Lines Of Force, Magnetospheres, Microwaves, Positrons, Relativistic Particles, Stellar Envelopes, Stellar Evolution},
	year = 1975,
	month = feb,
	volume = 196,
	pages = {51-72},
	doi = {10.1086/153393},
	adsurl = {http://adsabs.harvard.edu/abs/1975ApJ...196...51R},
	adsnote = {Provided by the SAO/NASA Astrophysics Data System}
}

@ARTICLE{mel92,
	author = {{Melrose}, D.~B.},
	title = "{Coherent Radio Emission from Pulsars}",
	journal = {Royal Society of London Philosophical Transactions Series A},
	year = 1992,
	month = oct,
	volume = 341,
	pages = {105-115},
	doi = {10.1098/rsta.1992.0087},
	adsurl = {http://adsabs.harvard.edu/abs/1992RSPTA.341..105M},
	adsnote = {Provided by the SAO/NASA Astrophysics Data System}
}

@ARTICLE{mel89,
	author = {{Melrose}, D.~B.},
	title = "{The brightness temperatures of solar type III bursts}",
	journal = {Solar Physics},
	keywords = {Brightness Temperature, Solar Wind, Type 3 Bursts, Electron Distribution, Saturation, Solar Corona},
	year = 1989,
	month = sep,
	volume = 120,
	pages = {369-381},
	doi = {10.1007/BF00159885},
	adsurl = {http://adsabs.harvard.edu/abs/1989SoPh..120..369M},
	adsnote = {Provided by the SAO/NASA Astrophysics Data System}
}

@ARTICLE{bac76,
	author = {{Backer}, D.~C.},
	title = "{Pulsar average wave forms and hollow-cone beam models}",
	journal = {\apj},
	keywords = {Beams (Radiation), Pulsars, Stellar Models, Waveforms, Astronomical Catalogs, Error Analysis, Frequency Response, Histograms, Pencil Beams, Radio Frequencies, Supernovae},
	year = 1976,
	month = nov,
	volume = 209,
	pages = {895-907},
	doi = {10.1086/154788},
	adsurl = {http://adsabs.harvard.edu/abs/1976ApJ...209..895B},
	adsnote = {Provided by the SAO/NASA Astrophysics Data System}
}

@ARTICLE{os76,
	author = {{Oster}, L. and {Sieber}, W.},
	title = "{Pulsar geometries. III - The hollow-cone model}",
	journal = {\apj},
	keywords = {Neutron Stars, Pulsars, Stellar Models, Stellar Rotation, Axes Of Rotation, Cones, Frequency Distribution, Geometry, Magnetic Poles, Stellar Radiation},
	year = 1976,
	month = nov,
	volume = 210,
	pages = {220-229},
	doi = {10.1086/154820},
	adsurl = {http://adsabs.harvard.edu/abs/1976ApJ...210..220O},
	adsnote = {Provided by the SAO/NASA Astrophysics Data System}
}

@ARTICLE{os77,
	author = {{Oster}, L. and {Sieber}, W.},
	title = "{Pulsar radiation patterns. III - Objects without synchronized drift across the window}",
	journal = {\aap},
	keywords = {Pulsars, Radiation Distribution, Stellar Radiation, Drift Rate, Graphs (Charts), Modal Response, Random Processes},
	year = 1977,
	month = jun,
	volume = 58,
	pages = {303-313},
	adsurl = {http://adsabs.harvard.edu/abs/1977A%26A....58..303O},
	adsnote = {Provided by the SAO/NASA Astrophysics Data System}
}

@ARTICLE{gks93,
	author = {{Gil}, J.~A. and {Kijak}, J. and {Seiradakis}, J.~H.},
	title = "{On the Two-Dimensional Structure of Pulsar Beams}",
	journal = {\aap},
	keywords = {pulsars: general},
	year = 1993,
	month = may,
	volume = 272,
	pages = {268},
	adsurl = {http://adsabs.harvard.edu/abs/1993A%26A...272..268G},
	adsnote = {Provided by the SAO/NASA Astrophysics Data System}
}

@ARTICLE{gk96,
	author = {{Gil}, J. and {Krawczyk}, A.},
	title = "{Pulsar beams - conal not patchy}",
	journal = {\mnras},
	keywords = {PULSARS: GENERAL, PULSARS: INDIVIDUAL: PSR 1133+16, PULSARS: INDIVIDUAL: PSR 0320+39, PULSARS: INDIVIDUAL: PSR 2016+28},
	year = 1996,
	month = may,
	volume = 280,
	pages = {143-148},
	adsurl = {http://adsabs.harvard.edu/abs/1996MNRAS.280..143G},
	adsnote = {Provided by the SAO/NASA Astrophysics Data System}
}

@ARTICLE{kg02,
	author = {{Kijak}, J. and {Gil}, J.},
	title = "{Structure of pulsar beams: Conal versus patchy}",
	journal = {\aap},
	eprint = {astro-ph/0208271},
	keywords = {stars: pulsars: general},
	year = 2002,
	month = sep,
	volume = 392,
	pages = {189-196},
	doi = {10.1051/0004-6361:20020946},
	adsurl = {http://adsabs.harvard.edu/abs/2002A%26A...392..189K},
	adsnote = {Provided by the SAO/NASA Astrophysics Data System}
}

@INPROCEEDINGS{kra12,
	author = {{Kramer}, M.},
	title = "{Relativistic Spin-Precession in Binary Pulsars}",
	booktitle = {Twelfth Marcel Grossmann Meeting on General Relativity},
	year = 2012,
	pages = {241},
	adsurl = {http://adsabs.harvard.edu/abs/2012mgm..conf..241K},
	adsnote = {Provided by the SAO/NASA Astrophysics Data System}
}

@ARTICLE{fvr+10,
	   author = {{Ferdman}, R.~D. and {van Haasteren}, R. and {Bassa}, C.~G. and 
		   {Burgay}, M. and {Cognard}, I. and {Corongiu}, A. and {D'Amico}, N. and 
		   {Desvignes}, G. and {Hessels}, J.~W.~T. and {Janssen}, G.~H. and 
		   {Jessner}, A. and {Jordan}, C. and {Karuppusamy}, R. and {Keane}, E.~F. and 
		   {Kramer}, M. and {Lazaridis}, K. and {Levin}, Y. and {Lyne}, A.~G. and 
		   {Pilia}, M. and {Possenti}, A. and {Purver}, M. and {Stappers}, B. and 
		   {Sanidas}, S. and {Smits}, R. and {Theureau}, G.},
	   title = "{The European Pulsar Timing Array: current efforts and a LEAP toward the future}",
	   journal = {Classical and Quantum Gravity},
	   archivePrefix = "arXiv",
	   eprint = {1003.3405},
	   primaryClass = "astro-ph.HE",
	   year = 2010,
	   month = apr,
	   volume = 27,
	   number = 8,
	   eid = {084014},
	   pages = {084014},
	   doi = {10.1088/0264-9381/27/8/084014},
	   adsurl = {http://adsabs.harvard.edu/abs/2010CQGra..27h4014F},
	   adsnote = {Provided by the SAO/NASA Astrophysics Data System}
}

@ARTICLE{jfl+09,
	author = {{Jenet}, F. and {Finn}, L.~S. and {Lazio}, J. and {Lommen}, A. and 
		{McLaughlin}, M. and {Stairs}, I. and {Stinebring}, D. and {Verbiest}, J. and 
		{Archibald}, A. and {Arzoumanian}, Z. and {Backer}, D. and {Cordes}, J. and 
		{Demorest}, P. and {Ferdman}, R. and {Freire}, P. and {Gonzalez}, M. and 
		{Kaspi}, V. and {Kondratiev}, V. and {Lorimer}, D. and {Lynch}, R. and 
		{Nice}, D. and {Ransom}, S. and {Shannon}, R. and {Siemens}, X.
	},
	title = "{The North American Nanohertz Observatory for Gravitational Waves}",
	journal = {ArXiv e-prints},
	archivePrefix = "arXiv",
	eprint = {0909.1058},
	primaryClass = "astro-ph.IM",
	keywords = {Astrophysics - Instrumentation and Methods for Astrophysics, Astrophysics - Galaxy Astrophysics},
	year = 2009,
	month = sep,
	adsurl = {http://adsabs.harvard.edu/abs/2009arXiv0909.1058J},
	adsnote = {Provided by the SAO/NASA Astrophysics Data System}
}

@ARTICLE{saz78,
	author = {{Sazhin}, M.~V.},
	title = "{Opportunities for detecting ultralong gravitational waves}",
	journal = {Soviet Astronomy},
	keywords = {Binary Stars, Electromagnetic Pulses, Gravitational Waves, Long Wave Radiation, Radiation Detectors, Supermassive Stars, Propagation Modes, Pulsars, Stellar Mass, Supergiant Stars},
	year = 1978,
	month = feb,
	volume = 22,
	pages = {36-38},
	adsurl = {http://adsabs.harvard.edu/abs/1978SvA....22...36S},
	adsnote = {Provided by the SAO/NASA Astrophysics Data System}
}

@ARTICLE{det79,
	author = {{Detweiler}, S.},
	title = "{Pulsar timing measurements and the search for gravitational waves}",
	journal = {\apj},
	keywords = {Cosmology, Gravitational Waves, Pulsars, Time Measurement, Black Holes (Astronomy), Cosmic Rays, Frequency Response, Relativity, Stochastic Processes},
	year = 1979,
	month = dec,
	volume = 234,
	pages = {1100-1104},
	doi = {10.1086/157593},
	adsurl = {http://adsabs.harvard.edu/abs/1979ApJ...234.1100D},
	adsnote = {Provided by the SAO/NASA Astrophysics Data System}
}

@ARTICLE{sbs12,
	author = {{Sanidas}, S.~A. and {Battye}, R.~A. and {Stappers}, B.~W.},
	title = "{Constraints on cosmic string tension imposed by the limit on the stochastic gravitational wave background from the European Pulsar Timing Array}",
	journal = {\prd},
	archivePrefix = "arXiv",
	eprint = {1201.2419},
	primaryClass = "astro-ph.CO",
	keywords = {Particle-theory and field-theory models of the early Universe, Gravitational radiation magnetic fields and other observations, Pulsars},
	year = 2012,
	month = jun,
	volume = 85,
	number = 12,
	eid = {122003},
	pages = {122003},
	doi = {10.1103/PhysRevD.85.122003},
	adsurl = {http://adsabs.harvard.edu/abs/2012PhRvD..85l2003S},
	adsnote = {Provided by the SAO/NASA Astrophysics Data System}
}

@ARTICLE{zhao11,
	author = {{Zhao}, W.},
	title = "{Constraint on the early Universe by relic gravitational waves: From pulsar timing observations}",
	journal = {\prd},
	archivePrefix = "arXiv",
	eprint = {1103.3927},
	primaryClass = "astro-ph.CO",
	keywords = {Gravitational waves: theory, Gravitational wave detectors and experiments, Particle-theory and field-theory models of the early Universe},
	year = 2011,
	month = may,
	volume = 83,
	number = 10,
	eid = {104021},
	pages = {104021},
	doi = {10.1103/PhysRevD.83.104021},
	adsurl = {http://adsabs.harvard.edu/abs/2011PhRvD..83j4021Z},
	adsnote = {Provided by the SAO/NASA Astrophysics Data System}
}

@ARTICLE{svc08,
	author = {{Sesana}, A. and {Vecchio}, A. and {Colacino}, C.~N.},
	title = "{The stochastic gravitational-wave background from massive black hole binary systems: implications for observations with Pulsar Timing Arrays}",
	journal = {\mnras},
	archivePrefix = "arXiv",
	eprint = {0804.4476},
	keywords = {black hole physics , gravitational waves , pulsars: general , cosmology: theory},
	year = 2008,
	month = oct,
	volume = 390,
	pages = {192-209},
	doi = {10.1111/j.1365-2966.2008.13682.x},
	adsurl = {http://adsabs.harvard.edu/abs/2008MNRAS.390..192S},
	adsnote = {Provided by the SAO/NASA Astrophysics Data System}
}

@INPROCEEDINGS{hobbs12b,
	author = {{Hobbs}, G.},
	title = "{Pulsar Timing Arrays: Status and Techniques}",
	keywords = {gravitational waves, time, ephemerides, pulsars: general},
	booktitle = {IAU Symposium},
	year = 2013,
	series = {IAU Symposium},
	volume = 291,
	archivePrefix = "arXiv",
	eprint = {1210.2774},
	primaryClass = "astro-ph.SR",
	editor = {{van Leeuwen}, J.},
	month = mar,
	pages = {165-170},
	doi = {10.1017/S1743921312023526},
	adsurl = {http://adsabs.harvard.edu/abs/2013IAUS..291..165H},
	adsnote = {Provided by the SAO/NASA Astrophysics Data System}
}

@ARTICLE{hd83,
	author = {{Hellings}, R.~W. and {Downs}, G.~S.},
	title = "{Upper limits on the isotropic gravitational radiation background from pulsar timing analysis}",
	journal = {\apjl},
	keywords = {Background Radiation, Cosmology, Gravitational Waves, Pulsars, Time Measurement, Doppler Effect, Gravitation Theory, Gravitational Wave Antennas, Isotropy, Limits (Mathematics), Perturbation Theory, Power Spectra, Spectral Energy Distribution, Stochastic Processes},
	year = 1983,
	month = feb,
	volume = 265,
	pages = {L39-L42},
	doi = {10.1086/183954},
	adsurl = {http://adsabs.harvard.edu/abs/1983ApJ...265L..39H},
	adsnote = {Provided by the SAO/NASA Astrophysics Data System}
}

@ARTICLE{hml+06,
	author = {{Han}, J.~L. and {Manchester}, R.~N. and {Lyne}, A.~G. and {Qiao}, G.~J. and 
		{van Straten}, W.},
	title = "{Pulsar Rotation Measures and the Large-Scale Structure of the Galactic Magnetic Field}",
	journal = {\apj},
	eprint = {astro-ph/0601357},
	keywords = {Galaxies: Magnetic Fields, Galaxy: Structure, ISM: Magnetic Fields, Stars: Pulsars: General},
	year = 2006,
	month = may,
	volume = 642,
	pages = {868-881},
	doi = {10.1086/501444},
	adsurl = {http://adsabs.harvard.edu/abs/2006ApJ...642..868H},
	adsnote = {Provided by the SAO/NASA Astrophysics Data System}
}

@ARTICLE{hhc85,
	author = {{Hamilton}, P.~A. and {Hall}, P.~J. and {Costa}, M.~E.},
	title = "{Changing parameters along the path to the VELA pulsar}",
	journal = {\mnras},
	keywords = {Linear Polarization, Polarization Characteristics, Pulsars, Stellar Rotation, Stellar Spectrophotometry, Polarimeters, Surface Acoustic Wave Devices},
	year = 1985,
	month = may,
	volume = 214,
	pages = {5P-8P},
	adsurl = {http://adsabs.harvard.edu/abs/1985MNRAS.214P...5H},
	adsnote = {Provided by the SAO/NASA Astrophysics Data System}
}

@ARTICLE{lps88,
	author = {{Lyne}, A.~G. and {Pritchard}, R.~S. and {Smith}, F.~G.},
	title = "{Crab pulsar timing 1982-87}",
	journal = {\mnras},
	keywords = {Crab Nebula, Ephemeris Time, Pulsars, Data Reduction, Least Squares Method},
	year = 1988,
	month = aug,
	volume = 233,
	pages = {667-676},
	adsurl = {http://adsabs.harvard.edu/abs/1988MNRAS.233..667L},
	adsnote = {Provided by the SAO/NASA Astrophysics Data System}
}

@ARTICLE{wjm04,
	author = {{Wang}, N. and {Johnston}, S. and {Manchester}, R.~N.},
	title = "{13 years of timing of PSR B1259-63}",
	journal = {\mnras},
	eprint = {astro-ph/0403612},
	keywords = {binaries: general, pulsars: individual: PSR B1259-63},
	year = 2004,
	month = jun,
	volume = 351,
	pages = {599-606},
	doi = {10.1111/j.1365-2966.2004.07806.x},
	adsurl = {http://adsabs.harvard.edu/abs/2004MNRAS.351..599W},
	adsnote = {Provided by the SAO/NASA Astrophysics Data System}
}

@ARTICLE{de96,
	author = {{Damour}, T. and {Esposito-Far{\`e}se}, G.},
	title = "{Tensor-scalar gravity and binary-pulsar experiments}",
	journal = {\prd},
	eprint = {gr-qc/9602056},
	keywords = {Gravity in more than four dimensions Kaluza-Klein theory unified field theories, alternative theories of gravity, Experimental tests of gravitational theories, Pulsars},
	year = 1996,
	month = jul,
	volume = 54,
	pages = {1474-1491},
	doi = {10.1103/PhysRevD.54.1474},
	adsurl = {http://adsabs.harvard.edu/abs/1996PhRvD..54.1474D},
	adsnote = {Provided by the SAO/NASA Astrophysics Data System}
}

@ARTICLE{lcw+01,
	author = {{Lange}, C. and {Camilo}, F. and {Wex}, N. and {Kramer}, M. and 
		{Backer}, D.~C. and {Lyne}, A.~G. and {Doroshenko}, O.},
	title = "{Precision timing measurements of PSR J1012+5307}",
	journal = {\mnras},
	eprint = {astro-ph/0102309},
	keywords = {GRAVITATION, RELATIVITY, TIME, BINARIES: GENERAL, PULSARS: GENERAL, PULSARS: INDIVIDUAL: J1012+5307},
	year = 2001,
	month = sep,
	volume = 326,
	pages = {274-282},
	doi = {10.1046/j.1365-8711.2001.04606.x},
	adsurl = {http://adsabs.harvard.edu/abs/2001MNRAS.326..274L},
	adsnote = {Provided by the SAO/NASA Astrophysics Data System}
}

@ARTICLE{ds91,
	author = {{Damour}, T. and {Schaefer}, G.},
	title = "{New tests of the strong equivalence principle using binary-pulsar data}",
	journal = {Physical Review Letters},
	keywords = {Binary Stars, Gravitational Effects, Pulsars, Stellar Gravitation, Eccentricity, Gravitational Fields, Nonlinear Systems, Stellar Orbits},
	year = 1991,
	month = may,
	volume = 66,
	pages = {2549-2552},
	doi = {10.1103/PhysRevLett.66.2549},
	adsurl = {http://adsabs.harvard.edu/abs/1991PhRvL..66.2549D},
	adsnote = {Provided by the SAO/NASA Astrophysics Data System}
}

@ARTICLE{wal88,
	author = {{Wallace}, K.},
	title = "{Radio stars, what they are and the prospects for their use in navigational systems}",
	journal = {Journal of Navigation},
	keywords = {Celestial Navigation, Navigation Aids, Radio Sources (Astronomy), Surface Navigation, Galactic Radiation, Molecular Spectra, Planetary Radiation, Radio Stars, Supernova Remnants},
	year = 1988,
	month = sep,
	volume = 41,
	pages = {358-373},
	adsurl = {http://adsabs.harvard.edu/abs/1988JNav...41..358W},
	adsnote = {Provided by the SAO/NASA Astrophysics Data System}
}

@ARTICLE{sg01,
	author = {{Shearer}, A. and {Golden}, A.},
	title = "{Implications of the Optical Observations of Isolated Neutron Stars}",
	journal = {\apj},
	eprint = {astro-ph/0009462},
	keywords = {Stars: Pulsars: General, Stars: Magnetic Fields, Stars: Neutron},
	year = 2001,
	month = feb,
	volume = 547,
	pages = {967-972},
	doi = {10.1086/318401},
	adsurl = {http://adsabs.harvard.edu/abs/2001ApJ...547..967S},
	adsnote = {Provided by the SAO/NASA Astrophysics Data System}
}

@ARTICLE{cb81,
	author = {{Chester}, T.~J. and {Butman}, S.~A.},
	title = "{Navigation Using X-Ray Pulsars}",
	journal = {Telecommunications and Data Acquisition Progress Report},
	year = 1981,
	month = mar,
	volume = 63,
	pages = {22-25},
	adsurl = {http://adsabs.harvard.edu/abs/1981TDAPR..63...22C},
	adsnote = {Provided by the SAO/NASA Astrophysics Data System}
}

@PHDTHESIS{she05,
	author = {{Sheikh}, S.~I.},
	title = "{The use of variable celestial X-ray sources for spacecraft navigation}",
	keywords = {X-ray sources, Spacecraft, Navigation, Pulsars},
	school = {University of Maryland, llege Park, Maryland, USA},
	year = 2005,
	adsurl = {http://adsabs.harvard.edu/abs/2005PhDT........30S},
	adsnote = {Provided by the SAO/NASA Astrophysics Data System}
}
